4320 5606
433 651 515 733 post
540 635 676 712 decem
701 639 781 715 dies
807 641 1016 716 collectum
1038 635 1158 710 hiduo
1179 628 1360 707 iacuisse.
1406 633 1559 714 Dehinc
1585 639 1627 720 in
1653 672 1750 752 rogo=
1773 650 1962 746 recepisse
1989 653 2045 726 vi-

433 774 535 852 tam,
562 761 805 859 plurimaque
832 765 1005 838 locutum
1033 783 1127 854 quae
1152 752 1311 828 vidisset
1336 753 1377 828 in
1404 773 1544 834 morte.
1870 779 1873 792 ’

510 888 584 969 16)
603 884 767 960 Athenis
781 885 935 979 quidam
948 882 1137 982 rirlcnge
1153 873 1505 956 doctissimusictus
1516 885 1654 984 lapide,
1669 916 1809 970 omnes
1820 901 2048 988 sensusreti·

434 1005 531 1098 nuit,
553 1004 755 1114 oblituseqt
768 1006 1005 1078 litterarum:
1019 995 1159 1077 durum
1175 998 1340 1092 homini,
1357 1009 1587 1097 praesertim
1604 1011 1831 1110 atheniensi,
1847 1020 2047 1096 damnum.

512 1129 585 1214 17)
606 1127 855 1202 Nausimenis
874 1125 1105 1200 atheniensis
1126 1150 1224 1199 uxor
1249 1122 1293 1195 in
1317 1121 1464 1202 incestu
1490 1128 1737 1230 deprehendit
1756 1140 1881 1216 liliam
1907 1143 2051 1218 filium-

437 1277 507 1350 que
535 1250 761 1349 permixtos.
805 1251 910 1324 Muta
938 1248 1028 1321 exin
1054 1261 1232 1345 perpetuo
1258 1243 1347 1318 fuit.

513 1371 583 1464 ts>
605 1373 638 1445 Ε
666 1372 858 1448 contrario
881 1369 1241 1461 Echecleslsamius
1261 1367 1408 1444 athleta
1425 1395 1519 1448 cum
1537 1376 1707 1479 vicisset,
1738 1407 1812 1458 nec
1828 1387 2048 1483 praemium

439 1498 474 1572 ei
501 1495 675 1588 daretur,
703 1511 815 1570 antea
841 1509 993 1584 mutus,
1020 1491 1283 1592 indignatione
1308 1493 1456 1570 locmus
1484 1513 1552 1574 est.

517 1624 589 1705 19)·
611 1617 778 1722 Gorgias
806 1615 904 1714 apud
930 1613 1108 1712 Epirotas
1134 1615 1246 1716 lenge
1272 1613 1422 1710 primus
1448 1618 1490 1692 in
1516 1621 1659 1698 feretro
1686 1628 1824 1702 matris
1850 1645 1961 1706 natus
1987 1651 2051 1706 est.
2130 1681 2141 1690 .

440 1745 541 1818 Nam
567 1739 663 1815 dum·
689 1739 866 1816 mulieris
893 1737 1057 1812 cadaver
1083 1736 1261 1830 effertur,
1288 1737 1414 1814 sabito
1441 1744 1593 1845 vagitum
1620 1748 1776 1826 auditus,
1798 1765 1869 1826 est.

516 1871 581 1955 20)
606 1865 774 1938 Pheraeo
789 1859 921 1936 lasoni
937 1858 1093 1932 vomica
1117 1858 1220 1933 vitae
1238 1860 1455 1956 periculum
1478 1890 1590 1965 saepe
1617 1869 1800 1946 faciebat.
1838 1875 1952 1949 Hunc
1973 1877 2053 1971 qui.

440 1991 530 2066 dam
559 1985 685 2090 gladic
712 2011 759 2058 ex
785 1981 935 2058 insidiis
962 1979 1172 2079 percussit,
1199 1995 1233 2054 et
1261 1985 1420 2060 vulnere
1446 1989 1551 2086 rupit
1574 1993 1794 2090 vomicam,
1830 1998 2053 2102 sanavitque

422 2109 608 2186 ’occisuri
634 2110 841 2184 voluntate.
1919 2105 1926 2127 ⁶

408 2317 411 2330 Ι
517 2235 582 2316 21)
609 2227 829 2304 Simonides
855 2226 1040 2302 caenebat
1068 2225 1167 2324 apud
1192 2225 1428 2326 Scopamin
1455 2233 1675 2320 Thessaliae
1701 2239 1838 2338 oppido
1861 2237 2052 2318 Oratione.

443 2355 529 2428 Duo
571 2351 727 2426 iuvenes
766 2350 930 2452 ingressi
967 2349 1093 2449 specie
1132 2349 1270 2424 decora
1310 2377 1471 2456 exegere
1506 2355 1753 2435 Simonidem
1792 2378 1836 2439 ut
1873 2367 2054 2462 prodiret.

444 2479 614 2580 Egressc
638 2501 701 2566 eo,
727 2474 945 2551 triclinium
974 2472 1112 2546 cecidit
1139 2473 1391 2572 convivasque
1417 2478 1561 2555 obruit,
1609 2478 1786 2578 Cumque
1812 2484 1982 2563 discerni
2008 2490 2057 2564 ad

444 2601 681 2698 sepult-uram
715 2621 878 2694 corpora
903 2595 1063 2670 confusa
1097 2619 1172 2666 non
1205 2614 1377 2690 possent,
1412 2602 1631 2678 Simonides
1664 2607 1945 2706 ordinemque
1972 2614 2058 2710 quis

445 2721 678 2798 accubuerat
704 2719 822 2810 dixit3
857 2717 1059 2813 laudesque
1085 2719 1249 2794 Pollucis
1276 2735 1315 2794 et
1340 2717 1513 2801 Castoris
1543 2726 1678 2804 salutis
1697 2719 1795 2806 vsuae
1820 2735 1948 2834 gratia
1973 2761 2058 2812 car-

447 2845 619 2922 minibus
646 2842 865 2918 celehravit.
1697 2847 1700 2859 '

520 2971 586 3057 22)
613 2961 837 3042 Consulenti
857 2963 1028 3066 Philippo
1053 2967 1190 3067 Apollo
1216 2965 1429 3064 respondit,
1455 2983 1499 3044 ut
1525 2993 1548 3046 a
1574 2969 1760 3075 quadriga
1785 2989 1951 3050 caveret.
1976 2977 2059 3050 Rex

446 3091 559 3167 iussit
575 3115 689 3187 equos
704 3096 918 3184 numquam
939 3091 1080 3194 iugari.
1120 3091 1269 3169 Viturii
1288 3090 1406 3166 etiam
1428 3093 1563 3168 locum
1574 3093 1615 3168 in
1633 3095 1792 3171 Boeotia
1806 3096 1870 3172 cui
1887 3095 2057 3171 harma

449 3241 593 3292 nomen
622 3229 688 3290 est.
719 3211 794 3287 Sed
826 3212 1002 3311 princeps
1029 3215 1090 3288 vel
1108 3239 1176 3288 rex
1195 3213 1401 3312 Bithyniae
1411 3215 1623 3292 Pausanias
1639 3227 1674 3306 e)
1699 3217 1764 3314 qui
1790 3243 1883 3294 eum
1906 3218 2003 3293 vicit
2021 3223 2057 3304 ¹)

280 3369 355 3442 pag.
367 3356 437 3420 m.
448 3341 490 3415 in
504 3337 644 3439 vagina
655 3331 662 3438 1
674 3333 810 3438 gladii„
820 3359 911 3408 cum
928 3334 1199 3434 quoPhilippus
1213 3335 1361 3410 occisus
1377 3351 1449 3431 est,¹
1460 3340 1649 3414 caelatam
1667 3340 1895 3444 quadrigam
1912 3339 2058 3416 hahuit.

525 3465 599 3556 23)
623 3455 790 3534 Calenus
824 3455 936 3531 indus
966 3457 1092 3532 victus
1121 3467 1154 3546 ⁹)
1191 3455 1237 3530 ab
1269 3458 1493 3534 Alexandro
1525 3461 1735 3536 macedone
1768 3487 1863 3538 cum¹
1894 3488 1986 3564 rogo
2020 3487 2062 3536 se

448 3583 715 3683 imposuisset,
746 3575 956 3654 irridenter
974 3571 1036 3654 'ah
1068 3579 1175 3656 hoste
1210 3579 1356 3658 victore
1385 3581 1646 3684 interrogatus
1677 3599 1754 3678 est,
1785 3585 1921 3682 ecquid
1947 3587 2063 3660 uellet

449 3721 516 3782 aut
542 3693 773 3780 mandasset.
825 3701 1033 3800 Respondit
1058 3701 1095 3778 ei
1120 3702 1250 3778 indus:
1275 3703 1352 3781 cito
1377 3719 1418 3780 te
1441 3703 1589 3780 videbo.
1642 3707 1721 3782 Nec
1748 3703 1813 3780 diu
1837 3705 2061 3781 Alexander

448 3842 638 3926 superstes
664 3823 750 3924 fuit.

525 3953 592 4036 24)
618 3929 772 4023 Prusias
794 3949 831 4038 a)
856 3943 958 4022 iilius
985 3943 1142 4022 Prusiae
1174 3943 1330 4051 bithyni
1360 3948 1465 4052 regis
1481 3939 1562 4048 ⁴pro
1593 3945 1851 4045 superioribus
1884 3945 2062 4022 dentibus

447 4094 570 4148 onum
597 4093 640 4144 cs
665 4069 890 4145 continuum
918 4069 1112 4168 pertinens
1137 4068 1294 4168 hahuit;
1318 4097 1390 4147 nec
1415 4069 1583 4170 loquenti
1609 4067 1761 4144 obstitit.
1781 4069 1946 4146 novitas.

492 4267 528 4347 1)
551 4267 669 4350 Longe
694 4263 823 4327 recedit
843 4282 865 4324 s
889 4267 1033 4326 veritate
1060 4263 1294 4345 Nepotianum·⁸
1318 4283 1426 4346 neque
1456 4263 1548 4324 enim
1577 4261 1759 4324 Pausanias
1785 4262 1853 4326 snit
1883 4261 2064 4344 Bithyniae

555 4348 723 4448 princeps,
744 4343 801 4406 sed
816 4345 939 4406 nobilis
957 4343 1093 4426 quidem
1109 4345 1245 4410 macedo
1255 4367 1271 4425 3,
1290 4365 1399 4426 neque
1413 4346 1445 4406 is
1461 4347 1544 4406 vicit
1560 4343 1773 4424 Philippump
1794 4344 1851 4408 sed
1866 4343 2061 4425 proditione

553 4429 735 4490 interemit.
777 4423 914 4486 Erroris
935 4435 1045 4487 eutem
1068 4445 1166 4488 causa
1195 4429 1334 4488 luerunt
1355 4425 1547 4506 Nepotiane
1570 4423 1719 4506 exetnpla
1740 4429 1783 4492 24
1804 4434 1838 4504 cp
1856 4427 1909 4494 25.
1930 4426 1966 4486 in
1988 4427 2064 4506 qei-

553 4509 617 4571 bus
639 4507 768 4592 legcbat
790 4505 910 4566 laisum
930 4505 1130 4568 vocabulum
1153 4509 1382 4570 Pausaniae
1403 4525 1466 4586 pro
1489 4505 1672 4568 Prusias.

494 4589 533 4668 2)·
552 4585 680 4650 Rursus
708 4595 802 4648 erret
822 4585 1049 4667 Nepotianus,
1072 4607 1148 4648 nam
1169 4585 1386 4670 philosophus
1408 4595 1502 4667 erat,
1528 4607 1596 4652 uon
1624 4585 1790 4670 bettane,
1815 4585 1981 4665 Galenus,
2006 4585 2066 4667 qui

555 4679 658 4732 semet
678 4677 796 4750 sponte
816 4669 853 4728 in
874 4685 996 4754 rogum
1016 4671 1198 4752 caniacus

494 4747 528 4824 a)
551 4749 634 4814 coc
655 4749 903 4814 Paestanas.
