4320 5606
948 361 978 442 3

832 463 1086 498 ,κη-..ψ

148 597 267 674 linire
290 593 432 672 dicitur
457 611 507 695 (p.
526 599 592 692 92)
610 610 692 696 post
714 593 860 673 Paridis
879 593 971 670 libri
987 585 1130 676 decimi
1155 603 1312 682 titulum
1329 607 1522 704 primum,
1549 606 1767 702 quinniens

146 749 289 828 restat,
315 733 493 830 quamvis
518 731 710 808 indiculus
737 742 788 830 (p.
815 737 855 819 2)
882 756 948 806 sex
975 734 1202 830 promittat?
1246 733 1361 816 Certe
1378 739 1521 816 Probus
1548 739 1594 814 ad
1616 739 1763 814 Paridis

147 892 291 944 novam
319 863 437 944 libros
464 869 561 944 nihil
588 869 766 944 contulit:
794 867 891 942 nihil
916 869 1013 943 item
1039 868 1352 948 lucubrationum
1379 875 1461 950 eius
1487 897 1680 971 superesse
1707 867 1765 948 iu&

142 1005 231 1079 dieo
260 1003 306 1082 ad
333 1005 480 1080 librum
507 1005 727 1081 decimum:
755 1003 901 1080 etenim
927 1003 1084 1080 titulum
1112 1005 1165 1082 de
1190 1009 1593 1104 praenominibus
1619 1007 1761 1084 Probus

145 1141 292 1240 ipsein
325 1128 631 1241 praefatiuncula
661 1140 711 1218 ad
743 1137 922 1216 Paridem
957 1125 1157 1215 auctorem
1190 1138 1322 1218 refert.
1382 1145 1456 1222 Res
1492 1169 1582 1247 ergo
1610 1169 1762 1243 prorsus

146 1263 310 1352 obscura
347 1275 445 1352 mihi
474 1275 647 1370 videtum
689 1299 924 1372 quamquam
966 1298 1054 1351 eam
1096 1273 1293 1364 declarare
1312 1289 1316 1298 '
1335 1277 1476 1354 nititur
1510 1281 1673 1357 Vossius
1707 1286 1760 1370 ⁸),

144 1413 252 1488 cuius
285 1413 525 1510 opinionem,
568 1411 639 1486 etsi
671 1409 774 1488 haud
806 1405 885 1494 scip
917 1433 1040 1506 quam
1072 1411 1125 1488 sit
1151 1411 1382 1510 probabilis,
1425 1389 1615 1492 recitabo:
1675 1414 1759 1490 Sic

143 1563 361 1623 statuere
393 1548 566 1640 velim,
606 1546 862 1624 Valerium
897 1547 1054 1644 ipsum
1099 1549 1447 1624 memorabilia
1481 1551 1759 1648 scripsisse:

141 1685 314 1759 horum
351 1682 837 1783 epitomemfecisse
871 1682 1117 1759 Paridems
1152 1686 1351 1760 eundem
1389 1685 1615 1774 (Paridem)
1651 1689 1759 1761 reli-

128 1821 302 1916 'quisse
337 1819 519 1894 librum
556 1817 610 1893 de
644 1817 927 1894 nominibus
952 1821 1270 1912 (Romanorum)
1302 1821 1450 1898 buius
1482 1821 1608 1896 libri
1641 1845 1757 1897 com-

140 1955 368 2054 pendi-um
394 1954 576 2032 fecisse
601 1954 782 2030 Probum.
1621 1959 1623 1966 ⁴

418 2153 510 2242 De
565 2153 958 2242 ianuario
1018 2157 1482 2282 Nepotiane.

238 2317 467 2414 lanuarium
503 2339 757 2436 Nepotianum
796 2337 897 2414 lulio
931 2337 1067 2412 Paride
1103 2325 1296 2414 iuniorem
1341 2340 1544 2432 existim03
1584 2343 1750 2418 inscium

140 2491 270 2548 autem
302 2474 399 2568 quod
425 2474 506 2548 iam
526 2473 632 2548 Paris
660 2473 870 2569 epitomam
891 2471 1040 2548 Valerii
1065 2473 1231 2546 Maximi
1258 2472 1431 2566 fecisset,
1458 2474 1620 2551 eandem
1647 2503 1751 2576 spar-

140 2629 222 2687 tam
252 2629 378 2686 marte
405 2606 557 2710 proprio
582 2635 714 2684 rursus
742 2634 956 2694 exornasse.
1015 2605 1216 2706 Nepotiani
1242 2609 1441 2706 praeviam
1470 2610 1675 2709 epistulam
1702 2615 1749 2686 ad

138 2747 338 2822 Victorem
372 2745 576 2822 Labbaeus
610 2745 704 2818 olim
736 2731 983 2843 vulg'averat3
1016 2742 1143 2841 ipsam
1177 2740 1389 2840 epitomem
1423 2745 1748 2841 praetermiserat,

137 2866 247 2960 euius
273 2880 424 2956 diversa
451 2905 474 2956 a
500 2881 690 2979 paridensi
725 2881 823 2954 ratio
850 2896 925 2956 est:
958 2903 1050 2954 nam
1079 2902 1200 2974 neque
1235 2877 1522 2954 distinctionem
1555 2880 1746 2958 librorum

142 3016 371 3114 Nepotianus
404 3015 564 3108 retinet,
598 3032 636 3091 et
664 3016 784 3090 multo
802 3016 929 3116 magis
956 3015 996 3087 in
1021 3013 1218 3088 uocabulis
1244 3014 1390 3107 variat,
1424 3031 1470 3090 et‘
1487 3012 1642 3091 brevior
1669 3036 1746 3109 est3

136 3165 175 3224 et
199 3149 481 3248 praetermissis
510 3151 643 3224 multis
670 3150 821 3226 Valerii
847 3147 1055 3246 exemplis,
1090 3147 1185 3245 ipse
1199 3147 1274 3222 alia
1300 3145 1496 3224 substituit
1522 3177 1543 3225 e
1569 3153 1744 3228 classicis
1856 3157 1862 3167 '

136 3285 377 3376 auctoribus,
409 3284 629 3380 etquidem
656 3285 775 3362 etiam
802 3311 848 3360 ex
875 3281 1063 3362 Cicerone
1077 3279 1135 3358 'de
1159 3307 1237 3380 rep.
1249 3279 1473 3374 ,derivata-
1527 3285 1680 3362 Videsis
1707 3314 1743 3384 p.

135 3421 197 3498 ⁹7.
224 3423 377 3498 11899.
406 3425 493 3496 111.
523 3423 610 3498 112·
637 3426 721 3496 113.
752 3423 837 3498 115.
865 3420 954 3495 Atia
971 3418 1136 3522 insignis
1150 3417 1297 3494 utilitas
1323 3418 1524 3517 Nepotiani
1550 3437 1620 3512 est,
1648 3428 1744 3518 quod
1790 3483 1797 3496 .

135 3555 245 3632 illam
271 3553 460 3630 valeriani
486 3553 578 3628 libri
603 3555 721 3653 primi
749 3558 929 3632 lacunam
955 3556 1035 3654 ipse
1059 3531 1204 3653 quoque
1231 3555 1375 3653 explet;
1401 3553 1564 3630 sednon
1591 3556 1742 3634 diversa

133 3693 258 3766 solum
285 3715 308 3766 a
333 3689 468 3766 Paride
499 3689 616 3766 verba
649 3691 774 3791 ponit,
806 3717 944 3766 verum
979 3693 1097 3768 etiam
1126 3706 1251 3790 partes
1284 3688 1467 3786 quasdam
1494 3691 1644 3768 Valerii
1672 3697 1741 3770 Ne·

133 3827 306 3923 potianus
331 3826 492 3919 retinet,
526 3851 617 3922 quas
643 3828 751 3904 Paris
777 3829 988 3920 omiserat„
1007 3827 1166 3924 ideoque
1193 3827 1379 3902 haetenus
1405 3824 1738 3926 desiderabamus3

130 3965 193 4040 vel
218 3986 310 4060 quas
325 3961 433 4038 Paris
458 3960 723 4055 maniaverat,
748 3963 834 4062 ipse
853 3965 935 4040 fere
960 3939 1141 4040 inlibatae
1163 3961 1396 4060 excerpsisse
1419 3960 1583 4038 videtur.
1637 3969 1737 4042 'l'um

131 4115 170 4172 et
194 4097 241 4172 ab
266 4097 347 4194 ipso
373 4095 531 4180 Valerio
566 4097 761 4174 interdum
799 4099 955 4176 dissidet
985 4121 1021 4173 t.
1047 4125 1105 4202 gr·
1134 4126 1169 4197 p.
1196 4101 1247 4174 95
1274 4113 1311 4172 et
1343 4101 1429 4174 100.
1492 4101 1736 4205 Religionem

130 4230 274 4306 eximie
299 4253 340 4304 se
358 4230 519 4306 coluisse
544 4230 784 4318 demonstrat
796 4233 1039 4332 Nepotianus,
1064 4237 1119 4312 ita
1144 4251 1188 4311 ut
1212 4233 1327 4310 huius
1342 4257 1462 4310 cansa
1481 4236 1599 4314 'effata
1625 4263 1736 4335 quae

124 4367 219 4444 dam
248 4349 457 4456 addiderit,
479 4389 587 4462 *quae
614 4367 656 4439 in
682 4369 839 4446 Valerio
866 4369 1009 4450 frustra
1042 4373 1223 4468 requires.
1282 4369 1348 4450 sio
1374 4396 1409 4468 p.
1436 4377 1499 4452 st.
1528 4397 1610 4471 cap.
1639 4373 1667 4448 1.
1696 4379 1732 4452 2.

167 4601 202 4682 a)
225 4601 268 4668 aa
288 4601 367 4668 aas
391 4601 446 4666 nt.
470 4601 527 4668 aa.
552 4603 576 4668 1.
599 4609 650 4674 as.
771 4569 781 4580 ’

1421 4723 1470 4788 l*
