4320 5606
1082 249 1313 368 „aaa

445 501 553 580 RtP
579 502 773 580 Vacienus
802 498 850 575 ad
882 495 1020 574 orbem
1047 491 1228 568 Romam
1251 503 1362 602 nocte
1393 492 1536 570 vadens
1568 493 1708 573 vidit
1696 523 1852 576 iuvenes
1877 501 1976 580 olbis
2122 486 2130 568 l

373 624 477 720 equis
512 623 724 716 sedentes,
739 622 804 718 qui
835 622 1031 696 iusserunt
1052 625 1095 690 ut
1120 610 1181 686 die
1216 593 1387 708 sequenti
1421 619 1571 694 senatui
1605 619 1809 710 nunciaret
1839 625 1978 702 Perseo
2110 628 2126 709 ,ι’

370 771 504 849 regem
532 745 784 822 Macedonum
812 769 835 818 a
862 725 975 818 Paulo
1003 763 1083 812 esse
1109 747 1279 874 captum
1330 739 1523 818 Vacienus
1549 744 1704 839 quidem
1730 747 1855 824 libens
1880 727 1981 827 laeta

371 884 552 945 executus
578 883 654 960 est3
680 868 781 944 sed
771 891 878 943 iussu
903 877 1055 940 senatus
1083 859 1222 934 missus
1248 859 1289 934 iu
1317 885 1519 952 carcerem
1546 882 1603 942 est
1627 884 1828 966 tamquam
1854 872 1978 950 incer·

202 993 688 1112 pugi..1ottorumloct1tor
740 990 829 1063 Mox
855 987 866 1082 Ι
891 985 1031 1078 litteris
1063 979 1169 1058 Pauli
1197 981 1241 1056 de
1268 983 1328 1058 die
1353 985 1603 1084 victoriaque,
1630 1007 1821 1069 certares
1847 997 1980 1092 patuit.
2106 1085 2110 1091 ¹

370 1118 562 1196 Vacienus
589 1115 730 1190 solutus
751 1111 928 1188 custodia
945 1131 1084 1211 agrum
1104 1103 1201 1200 dono
1229 1107 1388 1204 aceepit
1438 1111 1672 1190 EtVaoreno
1698 1114 1802 1190 idem
1829 1119 1980 1220 gemini

373 1241 442 1316 visi
469 1239 517 1314 ad
542 1240 672 1314 lacum
698 1236 884 1312 Juturnae
907 1231 1090 1311 sudorem
1115 1242 1228 1304 suum
1258 1255 1515 1329 equorumque
1543 1225 1749 1312 abluentes

446 1386 490 1477 3)
516 1385 640 1458 Roma
665 1380 844 1458 laborans
870 1375 1086 1476 pestilentia
1112 1399 1179 1473 per
1204 1374 1438 1472 triennium,
1472 1379 1590 1458 libros
1616 1383 1806 1459 consuluit
1831 1385 1978 1485 sibylli-

369 1501 456 1600 nos,
492 1506 628 1602 quibus
662 1503 865 1580 iubebatur
896 1517 939 1578 ut
965 1500 1012 1576 ab
1040 1501 1234 1598 Epidauro
1265 1501 1516 1602 Aesculapius
1550 1503 1806 1582 exhiberetur.
1867 1509 1974 1584 Missi

367 1629 485 1732 legati
510 1645 597 1704 sunt
623 1627 670 1703 ad
696 1651 880 1728 graecam
908 1625 1061 1714 urbem,
1089 1649 1179 1720 quos
1206 1623 1371 1700 libenter
1386 1625 1588 1726 Epidaurii
1613 1643 1726 1725 atque
1752 1627 1976 1706 humaniter

366 1767 622 1850 susceperunt.
684 1749 831 1824 Ibidem
859 1773 899 1822 se
924 1747 1060 1850 legatis
1095 1773 1249 1846 serpens
1276 1749 1439 1824 ostendit
1464 1776 1554 1852 raro
1581 1750 1628 1826 ab
1655 1753 1791 1828 incolis
1817 1753 1891 1828 nisi
1919 1753 1974 1830 fe·

363 1876 491 1952 liciter
515 1876 631 1950 visus.
685 1867 861 1967 Cumque
886 1869 1152 1969 pertriduum
1179 1869 1430 1946 familiariter
1456 1873 1716 1971 apparuisset,
1742 1876 1891 1952 cunctis
1916 1877 1976 1952 in.

361 1993 617 2098 spectantibus
634 1995 752 2070 subiit
777 1995 816 2068 in
841 1995 1046 2068 triremem
1064 2014 1284 2085 romanam,
1312 2005 1349 2066 et
1374 1993 1415 2066 in
1440 1993 1688 2072 tabernaculo
1706 1995 1824 2100 legati
1842 1994 1974 2092 Quinti

362 2120 533 2223 Burgoni
554 2121 596 2212 a)
621 2119 802 2192 collectus
828 2115 984 2212 quievit.
1028 2113 1131 2190 Urbe
1156 2114 1318 2212 profecti
1333 2117 1502 2192 Romam
1529 2131 1633 2195 sunt:
1661 2122 1797 2223 anguis
1816 2122 1867 2196 i'n'
1884 2125 1974 2202 navi

361 2267 515 2340 semper
541 2239 725 2340 apparuit.
775 2239 939 2315 Antium
965 2253 1125 2313 ventum
1153 2255 1227 2314 est:
1255 2239 1448 2315 descendit
1471 2260 1630 2340 serpens
1652 2245 1700 2318 ad
1724 2245 1848 2321 limen
1874 2261 1971 2321 tem-

363 2369 415 2466 pli
443 2363 684 2463 Aesculapii,
718 2378 755 2438 et
780 2363 905 2438 triduo
932 2363 1034 2437 inter
1059 2375 1208 2462 myrtos
1234 2363 1356 2437 latuit.
1416 2363 1569 2438 Dehinc
1596 2365 1783 2441 rediitad
1811 2385 1969 2445 navem:

362 2497 526 2585 cumque
552 2503 710 2562 ventum
739 2501 836 2561 esset
861 2485 908 2562 ad
935 2485 1124 2576 Tiberim,
1150 2485 1319 2558 enatavit
1344 2486 1384 2558 in
1411 2486 1593 2578 insulam,
1621 2488 1662 2562 in
1688 2515 1761 2586 qua
1786 2493 1842 2566 illi
1871 2509 1969 2568 tem·

363 2615 468 2710 plum
498 2627 554 2684 est
581 2611 844 2684 constitutum.
897 2611 946 2682 Et
974 2633 1066 2681 mox
1090 2607 1233 2682 sanitas
1260 2607 1448 2683 Romanis
1472 2607 1571 2685 dats.

438 2735 644 2842 amosiis
673 2750 862 2828 Camillus
888 2751 1005 2829 Veios
1039 2751 1160 2848 cepit,
1193 2750 1376 2846 iussitque
1410 2769 1578 2829 statuam
1612 2731 1785 2832 lunonis
1798 2739 1971 2834 Monetae

362 2877 578 2952 transferri
631 2877 735 2950 Unus
764 2901 784 2947 e
811 2873 999 2948 militibus
1026 2899 1093 2972 per
1120 2875 1251 2950 iocum
1268 2875 1530 2976 interrogavit
1556 2877 1836 2998 simulacrum,
1872 2889 1967 2956 bum

250 3069 254 3082 ,
361 3001 515 3076 vellet
505 3027 562 3074 1re
589 3003 769 3076 Romam
821 2997 1047 3096 Respondit,
1074 2999 1171 3073 volo.

315 3209 316 3213 ,
438 3148 478 3226 5)
507 3147 606 3219 Τιιιιι
634 3169 722 3218 οιιιιι
753 3137 1029 3218 Coriolanum
1040 3159 1168 3220 mater
1193 3137 1241 3214 ab
1267 3140 1373 3215 urbis
1401 3144 1547 3218 Romae
1579 3133 1774 3222 revocavit
1808 3150 1968 3244 excidio,

363 3269 408 3344 ad
429 3283 607 3364 quartum
632 3265 800 3364 lapidem
825 3265 888 3341 via
910 3267 1030 3342 latina
1053 3267 1242 3342 Fortunae
1267 3259 1410 3382 effigies
1436 3265 1495 3340 bis
1521 3267 1647 3342 locuta
1666 3283 1722 3344 est
1743 3261 1806 3346 bis
1826 3273 1971 3350 verbisr

360 3391 457 3481 rite,
486 3405 709 3479 matronae,
737 3387 908 3462 dedistis.
937 3389 1025 3472 rite
1039 3387 1218 3464 dicarunt
1238 3387 1290 3472 b).
1480 3396 1484 3407 '

438 3539 477 3622 6)
504 3533 682 3612 Valerius
695 3531 889 3608 Publicola
903 3533 1035 3608 consul
1054 3533 1204 3632 primus
1225 3509 1316 3608 cum
1333 3531 1486 3630 expulso
1502 3532 1597 3639 urbe
1612 3523 1821 3632 Tarquinio
1836 3503 1971 3616 contra
2101 3599 2109 3610 .

361 3661 544 3733 Etruscos
570 3656 824 3750 Veientesque
852 3671 1059 3757 pugnaret,
1086 3681 1106 3729 e
1132 3655 1308 3753 proximo
1333 3655 1419 3728 luco
1440 3655 1569 3731 audita
1586 3681 1658 3730 vox
1684 3669 1755 3730 est:
1781 3677 1858 3731 uno
1884 3661 1969 3757 plus

362 3779 516 3858 Etrusci
542 3777 699 3871 cadent,
726 3781 921 3852 Romanus
945 3779 1072 3853 victor
1096 3777 1230 3855 abibit.
1281 3777 1495 3874 Utrumque
1519 3802 1656 3852 verum
1683 3775 1768 3852 fuit.
1864 3823 1866 3829 .

435 3925 476 4010 7)
503 3919 625 4000 Gaius
651 3919 850 3996 Fabricius
876 3921 1084 3998 Luscinius
1123 3899 1506 4019 contulpr'aecipuus
1521 3904 1751 4016 ‘imperator
1784 3919 1967 4002 'l'hurinie

359 4045 503 4122 auxilio
530 4060 613 4119 erat
638 4058 771 4118 contra
797 4045 948 4119 Brutios
974 4047 1237 4142 IJUORllosquO·
1297 4041 1339 4117 ld
1364 4033 1456 4118 cem
1491 4040 1681 4118 militibus
1701 4047 1881 4123 romanis
1908 4077 1968 4126 ar·

359 4171 478 4246 duom
504 4167 717 4259 videretur,
743 4182 786 4241 ut
812 4183 945 4244 contra
970 4169 1063 4244 duas
1089 4167 1221 4276 gentes
1246 4166 1391 4243 validas
1419 4161 1765 4266 congrederentur,
1790 4166 1971 4284 apparuit.

397 4417 431 4493 a)
450 4413 506 4479 Sic
527 4413 628 4475 etiam
648 4405 723 4472 coda
746 4405 921 4470 ultraiecta
933 4373 1024 4474 Mal.

396 4531 432 4612 b)
454 4529 503 4594 lta
525 4525 665 4610 cod.,.At
685 4523 763 4594 vat
785 4522 916 4590 ot.·Par.
939 4521 1144 4593 dicastis.
1218 4588 1223 4597 ‚
