4320 5606
366 1419 704 1559 Excerptu·e
742 1419 1076 1562 praefatione
1108 1421 1308 1569 Angeli
1342 1421 1536 1568 Muli·

811 1627 1092 1646 Μ

570 1819 1303 1922 DeJulio'Paride.

126 2061 270 2186 Julius
287 2106 396 2182 Puris
416 2081 564 2186 Valerii
586 2097 750 2186 Maximi
768 2105 964 2190 breviator
988 2135 1036 2218 ex
1063 2110 1219 2208 antiqua
1241 2108 1406 2206 quadam
1431 2107 1736 2208 praefatiuncula

127 2231 209 2308 iam
239 2238 478 2334 innotuerat,
505 2264 600 2336 quaa
626 2242 719 2316 libri
745 2241 889 2318 decimi
916 2241 1089 2337 reliquiis
1110 2243 1291 2340 praeponi
1317 2243 1430 2334 solet,
1458 2257 1497 2316 et
1521 2265 1636 2336 quam
1666 2265 1735 2340 ego

127 2393 273 2465 quoque
298 2374 545 2472 repetendam
573 2379 718 2452 curavi.
780 2377 1064 2453 Verumtamen
1092 2377 1173 2452 eius
1200 2376 1391 2473 epitomae
1416 2375 1638 2476 fragmenta
1661 2376 1736 2450 duo

126 2511 396 2598 tantummodo
420 2511 521 2586 edita
549 2529 671 2602 eraut,
699 2535 838 2609 nempe
853 2509 945 2584 libri
971 2509 1115 2585 decimi
1132 2511 1265 2586 titulus
1291 2510 1440 2609 primus
1467 2507 1520 2584 de
1545 2534 1736 2608 praeno·

129 2643 367 2735 minibus,
401 2661 440 2719 et
474 2662 672 2742 praeterea
706 2647 972 2746 fragmentum
1006 2645 1097 2722 libri
1126 2647 1155 2722 1.
1183 2671 1265 2743 cup.
1299 2647 1347 2719 11.
1382 2644 1420 2721 ff.
1448 2648 1509 2720 16.
1544 2669 1661 2740 usque
1689 2647 1736 2730 ad

128 2779 265 2874 capitis
291 2780 416 2874 quarti
443 2778 583 2872 finem3
609 2785 648 2870 ο)
674 2782 714 2854 in
736 2805 809 2877 qua
836 2795 943 2878 parta
971 2781 1096 2890 operis
1122 2805 1241 2878 quum
1264 2781 1438 2858 valerius
1461 2779 1659 2871 deficeret,
1688 2781 1734 2854 ab

126 2914 224 2986 Aldu
251 2917 442 3013 suppletus
468 2917 541 2990 fuit
567 2917 757 3014 epitomae
785 2929 937 2992 nostrae
963 2931 1182 3020 segmento,
1218 2914 1315 3012 quud
1340 2917 1378 2991 ei
1404 2911 1661 3020 cuspinianus
1689 2941 1734 2986 ex

127 3050 281 3144 antiquo
307 3050 581 3126 vindobonensi
607 3051 737 3145 codice
764 3069 961 3151 sumptum
989 3053 1253 3152 suppeditavit.
1307 3054 1395 3128 Post
1419 3051 1527 3126 illam
1557 3076 1647 3126 vero
1674 3075 1734 3126 aa·

125 3199 247 3258 tatem
273 3187 339 3260 vix
364 3189 485 3278 ullus,
512 3185 607 3282 quud
634 3187 778 3280 sciam,
805 3189 956 3290 integer
975 3188 1072 3264 Julii
1098 3186 1245 3263 Paridis
1271 3185 1389 3262 codex
1417 3185 1604 3277 innotuit,
1632 3201 1734 3260 certe
1828 3177 1831 3186 ’

123 3341 217 3394 reru
242 3319 341 3395 nihil
365 3311 566 3422 vulgatum
601 3335 668 3396 est.
727 3323 850 3418 Atque
888 3321 991 3400 haud
1024 3323 1104 3398 scio
1136 3321 1320 3418 quidnam
1355 3321 1429 3420 ipsi
1460 3320 1733 3396 vindobonensi

126 3453 251 3528 codici
286 3453 489 3546 acciderit;
523 3479 625 3530 nunc
652 3455 758 3530 enim
785 3457 826 3530 in
853 3454 1032 3534 Caesaris
1065 3455 1299 3532 bibliotheca
1332 3454 1486 3530 nonnisi
1519 3455 1732 3551 epitomem

124 3588 217 3662 libri
242 3589 388 3664 decimi
412 3589 522 3664 video
550 3587 648 3689 apud
674 3591 890 3667 Kollerium
918 3593 961 3669 Τ.
988 3593 1037 3668 11.
1064 3617 1099 3688 p·
1125 3595 1214 3670 829.
1276 3589 1350 3666 Sed
1387 3611 1476 3663 ecce
1502 3588 1611 3664 nobis
1631 3591 1734 3664 vali-

125 3749 244 3800 canus
269 3725 408 3816 codex,
435 3724 687 3827 calligraphia
714 3743 752 3800 et
767 3741 955 3804 vetustate
975 3725 1211 3826 spectabilis,
1237 3724 1331 3800 tulii
1347 3723 1493 3798 Paridis
1519 3725 1732 3822 epitomum
1765 3749 1768 3757 ’

125 3860 320 3962 integram
347 3859 521 3952 exhibet,
547 3876 702 3958 exceptu
728 3861 828 3936 libro
845 3861 995 3938 decimo
1015 3863 1124 3940 cuius
1150 3861 1303 3940 nonnisi
1319 3861 1468 3956 primus
1494 3860 1627 3934 titulus
1644 3885 1732 3934 con·

125 4011 298 4072 serratus
324 4011 390 4072 est.
451 3995 598 4074 Paridis
631 3995 678 4072 ed
705 3991 920 4098 cyriacum
954 3997 1173 4100 epistolium
1206 3996 1312 4093 operi
1344 3993 1626 4104 praepositum,
1660 4019 1731 4068 nuc
1774 4045 1784 4062 .

126 4153 203 4204 non
229 4131 308 4206 Titi
338 4131 477 4224 Probi,
510 4131 575 4228 qui
609 4130 708 4206 alius
739 4133 935 4212 breviator
965 4133 1060 4226 fuir,
1092 4133 1251 4208 titulum
1286 4130 1393 4227 operi
1419 4128 1567 4205 Paridis
1602 4131 1761 4205 nescio·

126 4291 197 4342 cur
222 4266 502 4368 subscriptum,
528 4291 617 4344 aere
643 4265 890 4347 incidendum
918 4267 1062 4346 curavi.
1115 4267 1206 4344 lem
1233 4245 1394 4362 epistula
1419 4263 1615 4360 dictusque
1642 4263 1730 4337 titu-

124 4406 185 4480 lus
210 4403 389 4505 speciosis
423 4401 775 4506 seuengnisque
807 4405 947 4484 litteris
981 4417 1178 4490 constante
1216 4399 1341 4501 operis
1373 4415 1507 4476 tamen
1538 4393 1729 4496 scriptura

122 4535 739 4687 mh.
754 4592 783 4660 l.
798 4543 870 4682 m..
891 4601 924 4668 1.
945 4595 1020 4664 Est.
1039 4599 1146 4674 emb·
1163 4589 1323 4680 ¹¹⁸<l¹lead
1343 4589 1463 4677 “Pffi'
1484 4585 1729 4734 Ἦῑιίῑξηξω

1195 4765 1311 4854 ὶἰ
