4320 5606
1207 315 1237 397 d

1096 421 1338 438 m

417 565 471 640 ait
495 563 539 636 de
571 587 639 640 suo
664 559 917 662 Nepotianus:
955 576 1006 638 ut
1037 555 1279 634 videlicet
1310 555 1476 655 priore
1508 559 1771 639 haberetur
1809 561 1917 640 ioco
1949 583 2033 638 sa·

420 697 588 804 cordos
621 722 765 795 quam
799 695 960 772 consul
994 715 1072 770 res
1106 713 1247 769 sacru
1280 715 1424 790 quam
1455 695 1672 774 victorio.
1731 697 1784 776 Et
1815 721 1907 776 mox
1929 721 2031 801 pag.

416 839 466 912 95
492 833 530 908 ff.
559 839 618 914 14.
646 859 736 910 non
762 831 1085 932 probaverunt
1108 829 1318 922 (Romani)
1342 842 1514 908 contra
1538 831 1814 936 religiones
1840 828 2035 932 sapieta-

419 970 550 1044 tiam.
605 963 736 1044 Codex
760 968 979 1062 vaticanus,
1014 989 1061 1042 ex
1087 988 1160 1064 quo
1185 963 1417 1068 Nepotianus
1443 966 1588 1068 prodit,
1614 947 1720 1046 idem
1747 967 1813 1044 illc
1840 970 2035 1050 ostonde

418 1129 488 1206 ego
514 1129 636 1200 nuper
662 1105 842 1201 opuscula
865 1101 942 1178 tria
968 1101 1007 1177 S.
1036 1099 1192 1176 Nicetae
1218 1099 1461 1196 aquileiensis
1487 1104 1675 1202 excitavi,
1708 1105 1773 1182 sed
1797 1119 1930 1182 tamen
1958 1107 2033 1202 qui

404 1242 467 1320 in,
484 1239 617 1316 Niceta
650 1238 743 1314 satis
775 1253 859 1314 erat
891 1235 1137 1328 emendatus,
1172 1235 1278 1312 idem
1305 1232 1345 1314 in
1381 1239 1589 1338 Nepotieno
1623 1239 1773 1318 mendis
1805 1242 2032 1320 innumeris

278 1353 313 1398 ‘³
404 1374 634 1468 inherebat,
667 1373 756 1470 quia
787 1369 967 1448 videlicet
1001 1366 1249 1448 amanuensis
1283 1369 1331 1448 ab
1366 1375 1583 1474 exemplari
1615 1392 1793 1475 corrupto
1826 1377 1929 1453 buno
1962 1403 2031 1450 sx-

419 1509 583 1608 scripsit.
635 1511 763 1604 Neque
787 1532 878 1582 vero
905 1487 1007 1582 uitro
1024 1505 1175 1584 Valerii
1198 1505 1344 1584 librum
1371 1509 1439 1584 111.
1465 1493 1548 1611 cap.
1574 1517 1611 1588 2.
1638 1511 1811 1614 procedit
1835 1515 2028 1612 epitoma,

337 1643 339 1648 ’
418 1645 569 1722 defectu
594 1661 639 1722 ut
672 1641 861 1736 arbitror,
894 1642 1095 1736 codicum,
1129 1667 1203 1718 non
1231 1643 1432 1744 Nepotiani
1457 1643 1632 1724 socordia
1658 1649 1722 1745 qui
1749 1645 2025 1746 imperfectum

420 1807 511 1882 opus
538 1781 745 1880 abruperit.
796 1779 886 1868 iam
901 1778 1032 1876 'codex
1045 1777 1246 1879 Nepotiani
1271 1780 1474 1863 vaticanus
1497 1783 1660 1860 fortasse
1683 1782 1822 1860 unicus
1847 1798 1925 1876 est,
1952 1798 2027 1864 ete-

395 1920 404 2002 }
421 1919 505 1993 nim
532 1919 611 2016 ipse
644 1915 848 1992 Labbaeus
882 1916 1130 2016 epistularem
1166 1913 1446 2014 praefationem
1475 1943 1521 1992 ex
1548 1917 1622 1996 hoo
1647 1917 1798 2012 hausit,
1831 1934 1874 1996 ut
1901 1945 1935 2016 p.
1964 1925 2024 1996 93.

317 2021 322 2034 „
421 2083 461 2140 ιι.
486 2061 526 2130 Ι.
548 2054 630 2128 iam
658 2053 772 2128 suasi.
814 2052 1012 2126 Habemus
1032 2050 1152 2154 igitur
1172 2051 1322 2128 Valerii
1332 2051 1496 2130 Maximi
1517 2055 1704 2154 epitomas
1731 2055 1905 2168 antiquas
1920 2057 2026 2146 duas,

397 2188 641 2267 auctoribus
674 2187 809 2264 Paride
844 2212 889 2262 uc
921 2183 1141 2286 Nepotiane
1213 2187 1500 2268 Verumtamen
1518 2163 1576 2266 in
1610 2188 1800 2268 vaticanis
1833 2188 2028 2271 codicibus

421 2327 608 2426 epitomas
630 2325 725 2401 alias
739 2339 817 2400 tres
838 2322 988 2401 Valerii
1015 2347 1037 2398 a
1058 2321 1336 2401 recentioribus
1353 2323 1578 2404 hominibus
1596 2341 1750 2407 eurotas
1763 2325 1863 2417 vidi,
1889 2351 2029 2426 nempe

423 2463 464 2536 in
491 2462 622 2537 codice
647 2461 823 2542 raficam
848 2462 1046 2560 tatu-per
1069 2457 1285 2537 iohannem
1313 2459 1520 2557 quemdam
1546 2459 1910 2556 monastriam,
1942 2478 2028 2540 tum

422 2600 462 2672 in
490 2611 566 2672 vat.
593 2598 696 2699 5817
721 2611 759 2670 et
784 2597 825 2670 in
842 2595 1005 2672 ottobon.
1034 2597 1135 2676 1876
1161 2594 1254 2672 duas
1273 2595 1368 2672 alios
1392 2597 1476 2672 sine
1503 2585 1661 2674 nomina
1687 2610 1911 2692 auctorum,
1938 2621 2030 2696 quas

423 2757 565 2842 omnes
584 2733 734 2807 merito.
751 2733 976 2829 contempsi.
1015 2731 1220 2810 Sedenim
1245 2727 1345 2807 haud
1363 2755 1481 2828 aeque
1506 2734 1633 2832 sprevi
1654 2731 1890 2835 florilegium
1918 2733 2031 2831 quod-

424 2872 514 2946 dam
542 2868 623 2944 cod.
650 2881 726 2942 vat.
752 2867 854 2942 5114
879 2865 943 2941 fol.
971 2865 1033 2943 27.
1062 2865 1098 2940 b.
1125 2866 1193 2940 ubi
1221 2881 1400 2966 excerpta
1427 2839 1474 2944 ex
1492 2869 1650 2946 Valerio
1677 2867 1786 2946 fiunt.
1839 2859 1897 2944 ibi
1924 2869 2031 2944 enim

424 3005 655 3104 pmtiotdam
683 3003 868 3078 ineditam
903 3001 1156 3103 legebam'ex
1179 3027 1294 3101 opere
1320 2995 1473 3106 integro
1499 3004 1594 3080 olim
1618 3019 1817 3104 sumptam
1843 3003 1911 3080 lib.
1938 3005 1965 3078 1.
1994 3009 2031 3078 d.

425 3147 460 3216 3.
489 3142 571 3236 (qui
595 3141 701 3214 locus
726 3154 770 3213 ut
796 3139 874 3213 dixi
897 3139 937 3212 in
964 3139 1119 3242 Valerio
1147 3139 1286 3214 mutilo
1312 3139 1437 3232 deest,
1464 3165 1488 3216 a
1512 3137 1793 3216 breviatoribus
1820 3152 1950 3216 autem
1976 3156 2035 3214 ut-

426 3300 590 3374 cumque
616 3269 807 3375 suppletus
832 3273 926 3364 fuit)
951 3275 992 3348 in
1018 3275 1065 3348 L.
1093 3275 1201 3350 iunii
1228 3276 1403 3372 exemplo
1430 3275 1495 3371 qui
1521 3274 1706 3376 neglectis
1733 3275 1915 3373 auspiciis
1941 3277 2037 3350 clas

426 3437 508 3486 sem
534 3426 760 3511 tempestate
786 3409 962 3484 amisisse
989 3409 1147 3486 decitur.
1206 3409 1277 3486 Est
1304 3421 1433 3484 autem
1460 3411 1648 3508 particula
1674 3407 1788 3486 baec.
1841 3409 1925 3488 Sic
1953 3409 2036 3500 dii,

427 3547 611 3645 spretis
638 3544 847 3620 monitis
874 3544 1250 3639 excandescunt,
1277 3546 1348 3621 sic
1374 3541 1581 3624 humana
1605 3519 1929 3647 castigantur,
1956 3544 2036 3617 ubi

428 3708 475 3759 se
500 3679 800 3758 caelestibus
825 3680 1125 3779 praeferunt
1167 3679 1253 3757 Hac
1278 3681 1471 3758 nimirum
1497 3683 1689 3758 sententia
1715 3681 1936 3775 exemplum
1959 3679 2036 3754 Va·

331 3853 334 3860 ,
428 3817 547 3894 lerius
572 3841 682 3892 more
710 3839 778 3892 suo
804 3803 1068 3891 concluserat(
1112 3817 1229 3892 Porro
1255 3815 1297 3891 in
1329 3813 1523 3914 praedicto
1551 3815 1683 3892 codice
1715 3811 1909 3911 praecedit
1932 3816 2038 3888 locus

429 3957 559 4030 lento
585 3953 710 4028 en'im
737 3951 889 4054 gradu
916 3965 986 4026 eto.
1015 3953 1274 4052 gravitate
1299 3966 1592 4050 conpensant
1616 3949 1683 4045 qui
1707 3947 1929 4050 legiturlib.
1958 3949 1987 4024 1.
2016 3957 2037 4024 1

427 4103 502 4164 ext
529 4092 566 4166 3.
591 4088 761 4184 sequitur
785 4088 891 4162 locus
918 4109 1069 4182 aeque
1096 4085 1228 4162 enim
1255 4086 1466 4162 virtutis
1492 4099 1567 4160 est
1590 4097 1663 4160 oto.
1690 4081 1943 4160 tranferre
1970 4111 2040 4158 ro·

431 4225 604 4318 luisse,
641 4223 705 4320 qui
740 4222 885 4326 legitur
916 4221 983 4302 lib.
1017 4223 1048 4297 1.
1082 4224 1121 4298 5.
1153 4227 1191 4299 2.
1251 4221 1359 4324 Ergo
1392 4193 1450 4296 ad'
1474 4216 1626 4306 Valerii
1661 4217 1843 4292 lacunam
1877 4219 2041 4316 pertinet

427 4385 561 4460 reaspe
586 4357 780 4462 praedicta
805 4359 994 4460 particula
1011 4357 1168 4452 inedita,
1196 4357 1304 4434 ouius
1331 4353 1453 4433 futuri
1478 4369 1521 4430 ut
1541 4377 1651 4452 spero
1669 4352 1832 4431 editores
1848 4355 2039 4429 radonem

430 4497 635 4574 habebunt.

1059 4589 1358 4617 auu-hum
