4320 5606
150 605 285 686 hostia
307 615 529 682 sanaretur
554 616 593 678 et
616 597 849 699 serpentum.
863 595 1133 694 prohiberetur
1156 597 1353 702 incursus,
1385 603 1511 686 arceri
1531 625 1613 679 ‘non
1638 615 1766 704 potne-

150 745 270 823 runt,
285 728 400 826 ¹quin
414 725 526 804 idem.
546 725 733 802 facerent
764 725 908 798 ,Postea
932 725 1065 798 consul
1080 723 1257 820 prumtis
1276 731 1343 804 =vir
1362 728 1656 815 cautissimum
1681 727 1766 800 Fla·

141 855 220 930 vtrio
245 842 394 952 hospite
419 847 600 928 inductus
624 848 667 922 in
686 845 846 922 insidias
862 857 939 921 est:
965 861 1077 943 atque
1104 847 1160 924 ita
1177 867 1403 947 praeventus
1428 851 1513 926 dolo
1533 865 1576 925 ut
1596 847 1765 924 inermis

152 977 207 1058 ad
231 1001 323 1056 eum
343 977 475 1053 locum
495 971 666 1064 veniret,
690 969 732 1046 in
754 993 828 1068 quo
854 966 997 1056 latebat
1018 995 1160 1069 poenus
1184 975 1318 1076 Mago,
1345 973 1447 1054 etab
1463 977 1678 1056 succubus
1694 989 1765 1048 est.

232 1135 303 1230 11)
327 1131 533 1208 Marcellus
559 1129 853 1230 Syracusarum,
877 1121 1002 1208 uictor
1035 1139 1075 1202 et
1106 1126 1262 1231 fugator
1285 1133 1538 1229 Hannibalis,
1569 1159 1660 1210 cum
1694 1133 1766 1210 sol·

150 1257 289 1334 lemne
311 1277 468 1330 sacrum
491 1252 650 1345 faceret,
676 1249 826 1348 primae
848 1245 995 1322 hostiae
1020 1246 1130 1324 iecur
1146 1252 1229 1327 sine
1251 1255 1375 1353 capite
1396 1255 1552 1352 habuit,
1578 1257 1765 1334 secundus

152 1378 304 1478 duplici
327 1375 464 1478 capite.
518 1373 726 1472 Haruspici
752 1369 947 1470 displicuit
970 1385 1054 1470 post
1087 1373 1219 1472 prima
1244 1375 1394 1473 tristia,
1424 1381 1620 1476 sequentia
1646 1379 1766 1454 nimis

153 1503 263 1577 laeta
288 1523 380 1576 esse.
419 1499 550 1595 Itaque
568 1499 772 1573 Marcellus
799 1519 891 1572 cum
916 1494 1157 1592 exploratum
1183 1511 1297 1574 noctu
1321 1503 1579 1602 processisset,
1605 1503 1647 1578 in
1672 1506 1767 1578 Bru.

153 1623 224 1706 tiis
250 1648 273 1699 a
297 1621 432 1698 Poenis
458 1622 712 1720 interemptus
738 1633 806 1700 est.
907 1671 923 1698 -,
983 1643 993 1681 ·.
1029 1679 1034 1689 ,
1708 1619 1715 1633 ·

217 1771 299 1855 n)
325 1765 503 1844 Octavius
536 1766 684 1866 collega
709 1759 859 1840 Cinnae
888 1760 987 1838 vidit
1010 1761 1202 1862 Apollinis
1226 1781 1341 1868 caput
1364 1791 1386 1842 e
1410 1781 1535 1844 statue
1568 1742 1767 1874 cecidisse,

149 1891 252 1987 quod
278 1905 392 1988 caput
424 1888 537 1964 evelli
567 1902 674 1962 terra
705 1885 864 1962 omnino
890 1911 972 1960 non
1007 1887 1140 1986 potuit.
1198 1889 1277 1963 Nec
1302 1889 1484 1992 longum:
1519 1913 1611 2000 cum
1638 1885 1767 1966 Cinna

151 2011 341 2090 dissidens
367 2009 519 2114 collega
539 2009 666 2110 periit.
713 2004 840 2110 Caput
863 2023 1011 2086 statuae
1035 2025 1120 2110 post
1135 2011 1285 2088 Octavii
1309 2037 1474 2112 poenam
1498 2015 1669 2090 levatum
1696 2023 1763 2086 esc

231 2181 301 2273 ts)
328 2173 490 2254 Crassus
515 2175 702 2252 triumvir
726 2175 979 2252 dimicaturus
997 2171 1162 2252 Charris
1187 2171 1414 2280 cumgente
1437 2179 1658 2274 Persarum,
1684 2177 1765 2276 pul·

149 2305 238 2378 lum
265 2301 412 2400 accepit
425 2299 756 2399 paludamentum,
782 2323 874 2374 cum
900 2295 1022 2374 moris
1043 2287 1396 2376 luerit'candidum
1410 2301 1556 2377 offerri
1581 2303 1663 2376 sive
1676 2327 1765 2400 pur·

149 2453 330 2530 pureum,
371 2428 456 2503 Una
481 2426 612 2501 etiam*¹
628 2424 846 2521 aquilarum
871 2421 937 2497 vix
950 2421 1072 2520 potuit
1098 2422 1220 2496 evelli.
1261 2423 1306 2496 ln
1332 2423 1522 2520 proelium
1549 2423 1767 2528 prodeunti·
1891 2465 1892 2470 =
1995 2447 1998 2454 ’

148 2553 224 2630 hus
250 2550 381 2628 altera
397 2549 526 2646 aquila
558 2571 651 2623 cum
676 2547 865 2638 ferretur,
895 2560 1109 2618 retrorsum
1142 2547 1254 2620 versa
1284 2560 1351 2620 est.
1413 2547 1503 2620 Mox
1529 2545 1763 2622 innumerae

149 2679 419 2758 Romanorum
445 2671 626 2756 cecidere,
644 2671 824 2771 legiones.
862 2667 915 2740 ln
933 2683 1137 2764 conspectu
1163 2667 1283 2768 patris
1306 2666 1408 2744 filius
1434 2669 1559 2768 periit.
1601 2665 1764 2746 Crassus

148 2803 238 2900 ipse
257 2796 380 2890 iacuit
403 2793 655 2882 inhumatus,
685 2807 724 2868 et
747 2789 925 2866 ludi-briis
951 2791 1085 2890 putuit.
1182 2807 1191 2824 ·

228 2921 298 3029 14')
324 2937 404 3016 CN.
429 2936 611 3034 Pompeio
637 2936 809 3010 moventi
833 2934 945 3036 signa
969 2934 1225 3036 Dyrrhachio
1250 2935 1420 3012 fulmina
1445 2937 1604 3013 adversa
1630 2961 1763 3014 occur·

149 3079 307 3142 rerunt:
335 3085 423 3161 apes
449 3083 594 3156 proque
620 3057 800 3132 obsedere
823 3051 978 3132 vexilla
1009 3057 1099 3150 >Quo
1125 3058 1207 3134 viso
1233 3057 1381 3135 subitus
1408 3085 1565 3135 maeror
1580 3035 1763 3172 ,confudit
1882 3103 1886 3114 ·

44 3255 50 3277 ,
149 3185 388 3278 exercitum,
419 3184 603 3284 fugerunt
635 3179 803 3274 hostiae;
837 3181 879 3254 in
905 3181 1060 3278 templis
1081 3180 1518 3258 simulacra'conversa
1543 3187 1651 3288 sunt,
1685 3185 1762 3260 alia

43 3295 44 3304 ἵ
148 3309 355 3399 fleverunt,
382 3306 457 3381 alia
483 3304 728 3380 sudaverunt.
771 3307 918 3379 'lentus
935 3329 1027 3380 vero
1052 3304 1101 3378 in·
1121 3309 1211 3378 ab're
1237 3327 1440 3379 armorum
1463 3297 1646 3403 ¹strepitus
1672 3306 1759 3398 fuit,

148 3449 195 3510 ut
217 3429 451 3508 Antiochiae
477 3427 586 3524 quasi
612 3427 660 3502 ad
685 3425 892 3502 adventum
917 3425 1087 3504 bostium
1107 3427 1155 3502 in
1183 3447 1315 3503 muros
1342 3442 1650 3503 concurreretur.

219 3577 303 3664 15)·
319 3571 403 3650 Sub,
424 3585 555 3646 statua
575 3565 754 3646 Caesaris
786 3551 931 3644 eisdem
963 3570 1201 3668 temporibus
1226 3571 1416 3646 Prallibus
1443 3571 1484 3646 in
1498 3569 1604 3648 'aede
1628 3545 1759 3653 Victo·
1770 3607 1842 3678 pag.
1854 3593 1923 3658 1⁰2.

147 3700 232 3776 riae
257 3719 417 3796 procera
441 3695 573 3792 palma
598 3685 689 3768 neta
714 3707 864 3767 este-ac
890 3715 981 3766 mox
1008 3693 1224 3792 pharsalica
1251 3708 1308 3770 est
1332 3683 1515 3770 nunciata
1538 3697 1713 3772 victoria.
1832 3729 1835 3740 ·

222 3843 289 3925 16)
315 3813 533 3932 Antequam
570 3832 715 3912 Caesar
747 3835 1001 3913 occideretur
1025 3839 1223 3932 incuria,
1264 3851 1354 3913 ante
1386 3835 1465 3913 dies
1499 3863 1637 3936 paucos
1663 3837 1761 3934 bove

41 3985 42 3988 ’
145 3989 198 4040 εκ
221 3985 333 4038 more
365 3975 536 4035 mactata
563 3983 632 4034 cor
656 3960 697 4033 iu
731 3959 829 4034 extis
854 3986 931 4036 non
957 3975 1014 4040 est
1043 3975 1254 4060 repertum.
1312 3953 1418 4054 Quod
1448 3985 1539 4036 cum
1566 3963 1760 4061 Spurinna
1830 4043 1831 4048 ,

40 4109 44 4118 “
144 4083 435 4191 pronunciasset
461 4080 635 4161 advitae
661 4081 877 4180 periculum
910 4069 1123 4179 pertinere,
1158 4082 1214 4157 ait
1239 4077 1385 4156 Caesar
1417 4088 1652 4163 constantiae
1680 4111 1762 4164 me·

38 4212 40 4278 J
145 4231 263 4308 mor:
287 4203 448 4282 miraris
467 4203 501 4278 si
528 4227 596 4278 cor
621 4204 689 4278 hos
714 4229 791 4278 non
816 4201 950 4301 habet!
977 4203 1051 4281 sed
1077 4229 1169 4280 mox
1190 4204 1233 4279 ei
1257 4204 1360 4280 vitae
1385 4203 1474 4281 finis
1499 4207 1585 4283 fuit.
1756 4193 1761 4202 ¹

222 4347 288 4434 17}
314 4345 435 4422 Xerxi
470 4345 555 4449 regi
581 4349 787 4424 Persarum
814 4327 1111 4448 e'qu'aleporem
1147 4349 1293 4448 peperit
1309 4337 1359 4424 'in
1389 4351 1542 4428 castris:
1578 4379 1649 4450 quc
1675 4383 1764 4454 pros·

142 4469 252 4576 (ligio
286 4469 606 4569 praenunciatum
634 4487 691 4547 est
725 4471 870 4546 milites
896 4471 978 4550 eius
1003 4499 1143 4574 pavore
1170 4471 1371 4577 fugituros.
1431 4473 1556 4554 Omen
1584 4495 1761 4559 secutum
1802 4485 1822 4546 '·

144 4609 225 4691 est3
249 4615 344 4667 nam
371 4591 436 4666 diu
461 4592 607 4686 victor,
632 4595 754 4670 miser
777 4596 950 4672 recessit.
1118 4593 1138 4640 ⁸
