4320 5606
1079 245 1338 410 ,Μ

493 545 849 640 maeatarum
880 576 996 654 reges
1023 547 1176 626 humile
1197 509 1439 648 putaranmt
1464 546 1650 648 rupim
1674 545 1827 649 privato
1850 545 2029 626 osculum

419 640 526 720 dare.
574 647 628 723 m
650 647 861 728 incastris
884 677 974 728 mos
995 651 1108 726 idem.
1124 655 1168 740 ὅ).
1737 685 1741 700 ·

1089 775 1197 902 Cap.
1249 779 1368 874 XVI.

602 939 605 946 ’
685 933 780 1004 De
848 929 1215 1008 Militare
1287 929 1751 1035 Disciplina.

500 1066 547 1158 1)
569 1064 703 1162 Scipio
718 1066 925 1144 Africanus
948 1067 1201 1147 Numantiam
1221 1068 1385 1162 adesus,
1408 1069 1543 1146 omnia
1561 1092 1658 1166 quae
1681 1065 1886 1168 voluptatis
1912 1071 2029 1144 ciusa'

422 1165 660 1242 haberentur
670 1167 713 1242 in
734 1170 870 1244 castris
877 1223 891 1262 ,
916 1195 1049 1244 severo
1068 1191 1160 1246 mox
1178 1169 1419 1246 summoveri
1442 1169 1553 1246 iussit
1576 1167 1717 1248 edicto:
1747 1169 1907 1267 denique
1925 1193 2030 1249 scor·

422 1287 552 1344 torum
580 1268 651 1342 duo
679 1270 791 1346 milia
810 1295 903 1351 cum
928 1269 1016 1347 lixis
1041 1275 1064 1346 'e
1088 1271 1389 1369 procinctuloci
1412 1271 1494 1348 eius
1521 1270 1651 1351 eiecta*
1669 1287 1781 1350 sunt:
1801 1283 2030 1368 tantumque

424 1370 548 1446 subito
565 1369 634 1445 sub
655 1371 830 1448 districto
844 1373 939 1448 duce
952 1371 1115 1472 profecit
1128 1373 1332 1470 exercitus,
1347 1385 1392 1468 ut
1404 1374 1660 1460 Numantiam
1675 1373 1740 1450 diu
1753 1369 2031 1474 perniciosissi-

425 1497 535 1546 mam
562 1471 670 1546 nobis
696 1473 807 1548 brevi
831 1475 909 1550 solo
937 1489 1127 1569 aequaret.
1447 1471 1452 1482 ’

498 1577 542 1665 2)
567 1574 612 1648 P.
634 1575 808 1672 Rupilius
830 1579 961 1651 consul
983 1577 1024 1650 in
1043 1573 1180 1664 Sicilia
1202 1574 1398 1654 dimicans
1417 1589 1550 1653 contra
1571 1573 1774 1678 fugitivos,
1800 1574 1844 1670 Q.
1862 1573 2031 1650 Fabium

423 1698 613 1774 generum
635 1677 819 1751 conuiciis
839 1678 990 1774 publice
1010 1675 1232 1754 lacessitum
1256 1681 1453 1776 provincia
1468 1680 1625 1778 expulit,
1652 1677 1742 1776 quia
1760 1675 2032 1754 taurominita-

423 1801 515 1850 nam
539 1781 575 1870 c)
602 1799 735 1852 arcem
761 1778 802 1852 in
828 1803 942 1854 cursu
968 1777 1061 1854 belli
1085 1780 1340 1882 fugitivorum
1366 1777 1602 1878 prodidisset.

255 1905 329 1972 pag.
342 1898 415 1952 us.
499 1882 539 1961 3)
568 1874 714 1952 Censor
731 1881 886 1955 Fulvius
902 1881 1059 1956 Flaccus
1074 1881 1238 1958 fratrem
1253 1881 1436 1964 Nulrium
1455 1885 1554 1980 Quod
1573 1876 1759 1982 qssmdatn
1777 1878 1927 1958 iniussu
1939 1903 2031 1954 con·

399 1979 606 2060 ¹sulissuh
634 1993 867 2056 commeatu
882 1981 1110 2073 dimisisset,
1135 1997 1268 2057 senatu
1295 1981 1448 2079 depulit.
1812 2042 1815 2050 ,

494 2085 535 2164 4)
570 2080 813 2155 Posthumius
847 2083 1014 2158 dictator
1041 2084 1190 2159 Aulum
1222 2083 1490 2160 Posthumium
1523 2084 1650 2160 filium
1683 2082 1781 2178 quod
1812 2083 1961 2160 iniussu
1986 2085 2028 2158 in

420 2181 569 2256 hostem
598 2197 851 2276 processerat,
879 2185 1056 2280 quamvis
1080 2184 1290 2278 victorem,
1318 2184 1429 2260 iussit
1453 2187 1580 2262 securi
1606 2185 1765 2284 percuti.

497 2285 537 2374 5)
566 2281 776 2377 Torquatus
810 2309 955 2400 quoqne
981 2288 1113 2362 consul
1144 2285 1243 2360 bello
1276 2287 1418 2387 gallico
1450 2287 1498 2362 ad
1530 2287 1690 2362 comitia
1720 2310 1884 2362 romana
1909 2285 2029 2362 dnae·

422 2382 512 2456 dens
534 2387 573 2476 a)
598 2381 677 2458 filio
700 2399 827 2460 castra
853 2388 1053 2462 commisit
1073 2387 1142 2464 sub
1162 2403 1370 2486 praecepto
1390 2389 1488 2480 tali,
1508 2407 1558 2464 n‘e
1584 2413 1628 2462 eo
1651 2387 1810 2464 absente
1827 2403 2027 2488 pugnaret.
2143 2393 2144 2398 ’

421 2483 655 2558 Adulescens
670 2501 802 2560 tamen
820 2503 1044 2586 provocatus
1060 2489 1197 2586 erupit,
1224 2503 1262 2563 et
1276 2489 1380 2564 vicit.
1421 2491 1573 2566 Mallius
1590 2511 1765 2566 reversus
1782 2513 1849 2586 pro
1865 2489 2030 2564 victoria
2143 2499 2144 2520 ¹

423 2586 553 2659 filium
572 2586 612 2659 in
632 2589 814 2664 concione
836 2587 1257 2684 1o.usaoit;·'sedmorte
1283 2591 1371 2668 eius.
1386 2592 1743 2668 mititaremtonuit
1765 2589 2028 2689 disciplinam:
2141 2615 2143 2624 ¹

423 2685 549 2762 securi
577 2687 686 2762 enim
712 2705 769 2764 est
795 2715 995 2785 percussus
1022 2692 1268 2769 adulescens..
1632 2719 1656 2731 '·
2142 2771 2143 2784 ,

497 2791 542 2880 6)
568 2787 612 2860 Iu.
641 2789 832 2864 Minucius
859 2789 991 2866 consul
1017 2793 1157 2866 missus
1185 2807 1242 2866 est
1266 2795 1565 2888 contraAeqnos
1591 2807 1629 2868 et
1645 2791 2028 2888 summamque

422 2889 502 2962 eius
518 2897 644 2962 castra
658 2891 870 2985 coepissent
885 2893 934 2966 ah
956 2893 1128 2968 hostibus
1144 2891 1324 2984 obsideri,
1350 2894 1398 2970 1..
1416 2895 1577 2988 Quintus
1593 2889 1846 2971 Cincinnatus
1863 2893 1906 2968 in
1923 2891 2028 2968 auxi-
2142 2913 2143 2938 ¹

420 2992 517 3062 lium
545 2989 685 3066 missus
708 2991 833 3067 hostes
853 2993 1094 3096 subiugavit,
1119 3009 1157 3072 et
1182 2996 1381 3072 consulem
1404 2995 1636 3100 magistratu
1657 2995 1820 3093 depulit,
1847 2991 1943 3092 quod
1968 3009 2031 3066 ca-
2142 3065 2143 3090 2

420 3091 601 3182 scrisse,
629 3118 704 3165 non
732 3095 875 3182 armis,
903 3095 1142 3173 defendisset.
2142 3157 2143 3190 2

496 3195 536 3272 7)
562 3193 771 3270 Africanus
798 3197 946 3294 Scipio,
983 3197 1132 3274 devicta
1159 3193 1419 3300 Carthagine,
1451 3223 1633 3278 romanos
1658 3196 1879 3298 transfugas
1905 3197 2031 3270 cruci·
2142 3267 2143 3272 ,

418 3293 489 3368 hus
516 3292 666 3384 adfixit,
693 3296 830 3369 latinos
857 3299 984 3374 securi
1010 3299 1210 3396 percussit.
1617 3311 1661 3346 “⁹

495 3397 542 3492 8)
566 3396 757 3470 Posterior
779 3397 997 3477 Africanus
1024 3401 1234 3478 desertores
1259 3397 1305 3474 da
1332 3398 1493 3482 auxiliis¹
1517 3399 1715 3476 sociorum
1739 3399 1786 3474 in
1813 3399 2034 3498 spectaculo·

422 3492 555 3570 bestiis
585 3496 742 3572 obiecit..
1048 3551 1081 3593 ,-
1189 3564 1193 3575 .

497 3601 541 3694 9)
566 3596 615 3674 1..
644 3600 787 3674 Paulus
807 3625 870 3676 eos
897 3601 965 3697 qui
987 3615 1225 3704 pugnantem
1248 3614 1453 3686 samotra
1475 3601 1619 3676 Persen·
1642 3598 1916 3692 deseruerant,
1943 3595 2038 3672 sub·-

421 3693 517 3771 d'idit
543 3697 777 3797 elephantis,
802 3715 846 3779 ut
871 3727 1007 3778 eorum
1034 3702 1191 3801 pedihus
1219 3703 1449 3778 tererentur.

498 3801 571 3890 10)
593 3803 676 3878 Rex
695 3799 871 3901 Pyrrhus.
886 3827 978 3880 cum
994 3805 1182 3902 plorimm
1199 3829 1248 3877 ex
1261 3803 1446 3882 Romanis
1459 3801 1528 3880 suh
1547 3803 1718 3880 Tarento
1730 3799 1912 3898 cepisset,
1929 3799 2037 3895 ultro

421 3897 587 3974 remisit.
636 3902 798 3978 Senatus
822 3904 1012 3999 decrevit,
1037 3905 1163 4000 utqui
1180 3904 1324 4000 equrites
1344 3903 1517 3998 fluerent,
1544 3901 1937 4003 peditesmititarent,
1964 3899 2031 3996 qui
2141 3987 2142 3992 η

417 3999 586 4094 pedites,
606 4001 823 4088 funditores:
837 4005 991 4080 fierent.
1012 4005 1179 4104 insuper·
1194 4005 1402 4102 adiectum,
1426 4032 1474 4081 ne
1488 4005 1595 4080 intra
1610 4019 1739 4080 castra
1758 4016 1888 4078 essent
1895 4053 1908 4094 ,
1934 4025 2032 4074 nave

418 4101 518 4174 vallo
544 4117 767 4199 uterentur,
788 4132 843 4180 ne·
860 4109 1021 4206 pellibus
1036 4106 1203 4182 tentoria
1224 4106 1428 4199 haberentt
1456 4107 1562 4208 isque
1591 4105 1710 4180 miles·
1724 4105 1774 4179 ad
1792 4101 1958 4179 tentoria
1972 4125 2031 4174 re·

418 4199 543 4295 diret,
564 4204 627 4300 qui
646 4231 695 4280 erw
715 4206 820 4284 hoste
837 4207 916 4284 duo
931 4197 1269 4309 spoliaretuli'sset
1320 4213 1426 4288 Haec
1448 4233 1511 4284 eos
1530 4233 1650 4314 pogna
1672 4205 1904 4296 fortissimos
1925 4201 2029 4278 fecit.

448 4306 663 4479 dfill‘)'E⁰⁸’
678 4309 747 4402 qui
763 4313 949 4386 cannensi
974 4311 1081 4390 clade
1100 4309 1349 4406 deseruerant
1369 4310 1492 4394 socios
1512 4309 1621 4389 omni
1637 4307 1857 4412 ignominia
1877 4317 2039 4402 capatus:

418 4427 444 4478 a
501 4429 539 4478 cr
565 4423 692 4482 tuss1t.

453 4579 488 4645 8)
512 4563 721 4642 Gestiensem
738 4578 832 4642 hunc
854 4589 986 4641 mutem·
1002 4580 1099 4662 addit]
1116 4579 1352 4664 Nepotianus..

385 4711 390 4720 .
450 4664 482 4735 ο)
506 4657 589 4724 Cud.
618 4664 980 4746 taurpmitanam.

448 4739 894 4818 asdoddeeoendens.
969 4809 973 4817 ,
