4320 5606
404 489 616 588 ..audissem
640 495 818 593 ¹psateiieri
834 495 1019 584 ianuam,
1043 491 1149 564 intro
1168 487 1372 586 vocarique
1388 475 1589 570 'essiones
1630 497 1733 570 Tum
1749 485 1918 594 piratae,
1941 513 2047 586 tam-

423 623 544 692 quam
561 599 698 694 templi
714 597 881 696 postibus
901 592 1067 670 adoratis
1077 645 1089 684 ‚
1118 590 1284 689 ingressi
1294 608 1408 688 sunt,
1429 609 1474 688 'et
1492 597 1663 691 amplexi
1672 593 1877 682 dexteram
1895 599 2049 698 Scipio-

407 701 508 790 siis,
526 695 674 788 osculis
694 699 917 789 coluerunt3
944 717 989 769 ac
1013 691 1204 787 reliquere
1223 689 1323 768 dona
1341 709 1544 796 tamquam
1565 699 1648 780 Deo
1666 694 1807 784 dicata.
1843 695 1979 782 ¹iuneti
2001 728 2052 786 ac

424 800 531 874 beati
545 815 631 884 tum
646 801 810 906 denique
827 819 941 877 suam
959 796 1126 878 classem
1142 797 1469 876 conscenderunt:
1529 885 1534 898 ‚
1612 807 1642 833 ”
1739 809 1777 824 ·’

260 933 426 1065 paunus
1117 911 1220 1028 Cap*
1258 915 1372 1046 XX‘
1661 1016 1665 1025 ,
1777 1041 1782 1050 .

567 1109 571 1120 ·
647 1071 792 1148 De‘
863 1063 1267 1148 Indole
1369 1059 1832 1143 Pue'ri'i'i.

505 1176 546 1266 1)
574 1167 668 1246 Cato
684 1197 776 1248 cum
792 1171 1072 1270 prosriptorum
1088 1163 1234 1240 civium
1257 1165 1383 1262 capita
1399 1167 1440 1239 iu
1461 1168 1559 1249 atrio
1574 1167 1706 1268 Syllae
1731 1171 1903 1274 uideret²
1929 1175 2054 1254 inter·

412 1274 844 1377 ¹rogamtfiarpedonem
861 1269 1264 1368 suumpaedagogum,
1281 1293 1351 1340 cur
1365 1285 1447 1346 tam
1463 1286 1668 1344 cruentum
1687 1287 1901 1370 tyrannum
1919 1283 2051 1358 nullus

415 1367 628 1450 ‘occideres
665 1375 892 1474 Respondit,
920 1374 1047 1447 deesse
1063 1367 1277 1442 volentibus
1296 1370 1534 1452 facultatem.
1567 1373 1668 1450 Dari
1681 1374 1757 1448 sibi
1778 1373 1874 1457 Cato
1891 1380 2050 1458 ferrum

213 1535 216 1543 .
426 1477 618 1575 apropric
639 1477 861 1574 pedissequo
884 1473 1072 1574 poposcit,
1099 1497 1143 1543 eo
1167 1469 1264 1564 quod
1280 1467 1417 1544 timeri
1438 1471 1597 1548 adhaec
1618 1474 1790 1566 audenda
1811 1503 1886 1552 non
1907 1501 2052 1578 posset.

201 1571 204 1578 ’
263 1581 266 1591 “
426 1580 560 1655 Postea
585 1579 830 1686 paedagogus
857 1597 1055 1677 nunquam
1077 1571 1295 1646 intromisit
1316 1567 1531 1669 Catonem,
1557 1575 1647 1676 quin
1671 1577 1777 1680 prius
1804 1579 1935 1656 sinum
1964 1585 2052 1662 eius

426 1694 678 1758 scrutaretur.
1019 1707 1023 1716 ·
1365 1721 1383 1761 ς
1613 1729 1619 1738 -

388 1859 390 1866 ⁴
502 1787 542 1866 2>
569 1783 731 1856 Faustus
750 1775 853 1853 filius
879 1778 1010 1876 Syllae
1035 1775 1076 1850 in
1095 1771 1225 1852 schola
1246 1771 1386 1873 degens
1410 1789 1560 1873 patrem
1584 1777 1888 1874 proscribentem
1910 1802 2045 1880 aperta

376 1887 387 1954 ,’
416 1873 536 1980 'saepe
552 1905 645 1956 voce
665 1881 865 1972 laudabat,
894 1881 1024 1953 dicens
1045 1875 1150 1952 idem
1171 1901 1210 1948 se
1226 1875 1444 1968 facturum,
1470 1903 1562 1954 cum
1586 1879 1724 1976 potitus
1742 1905 1877 1957 rerum
1893 1885 2043 1966 fuisset.

423 1976 2047 2085 Auditi}-Cassiuscondiseipulum‚etcolaphoferit.Omanumiumtyrannicidam!

278 2132 280 2140 ·
412 2075 425 2120 ‘³
502 2089 546 2174 3)
573 2084 767 2160 Aemilius
784 2081 952 2179 Lepidus
973 2081 1034 2169 vin¹
1049 2075 1165 2176 pubes
1180 2077 1220 2150 in
1235 2078 1318 2152 acie
1330 2079 1486 2154 hostem
1504 2077 1653 2180 strauit,
1680 2098 1765 2160 tum
1784 2108 1876 2159 cum
1890 2113 1953 2164 res
1972 2091 2052 2166 mi·

425 2185 551 2270 litaris
568 2187 647 2260 sola
661 2184 770 2260 laudi
787 2199 890 2275 erat,
917 2197 953 2258 et
975 2181 1104 2255 civem
1128 2179 1304 2277 protexit.
1355 2177 1413 2256 ub
1434 2205 1529 2276 quae
1552 2178 1694 2266 m'e'rita
1710 2210 1757 2260 ex
1781 2205 1934 2266 senatus
1953 2213 2044 2267 cun-
2132 2208 2135 2217 ·

412 2289 523 2373 ‘culto
538 2301 662 2375 statua
680 2287 761 2372 eius
779 2285 902 2394 posita
919 2298 976 2365 est
998 2283 1039 2358 iu
1057 2277 1246 2379 Capitolio
1262 2300 1353 2358 eum
1374 2279 1487 2370 hulla,
1502 2298 1614 2382 atque
1628 2297 1838 2384 praetexta.
1883 2283 1886 2292 ’

1098 2401 1201 2520 Cap.
1258 2401 1401 2491 XXI„

761 2533 1794 2643 DcFortitudin'e3
2140 2602 2147 2643 p

414 2699 419 2709 .
507 2649 549 2739 1)
577 2643 758 2732 Horatius
781 2641 917 2718 Cocles
931 2667 1023 2716 cum
1041 2637 1197 2714 Etrusci
1214 2637 1255 2712 iu
1275 2638 1418 2732 urbem,
1430 2641 1599 2716 Romam
1616 2641 1836 2722 insistenter
1850 2647 2047 2723 irruerent

426 2769 498 2846 per
519 2762 675 2843 pontem
700 2743 909 2819 sublicium
934 2741 1107 2832 Tiberis,
1133 2737 1177 2811 in
1200 2738 1325 2836 pontis
1344 2739 1468 2816 bonta
1490 2741 1591 2818 hosti
1611 2741 1758 2824 obstitit
1777 2751 1896 2843 selus,
1923 2749 2045 2824 donec

429 2846 527 2944 quod
543 2862 623 2943 post
640 2861 796 2948 tergum
818 2859 902 2920 erat
921 2843 1150 2918 dirueretur.
1201 2841 1376 2938 Denique
1393 2845 1516 2918 soluta
1531 2867 1718 2948 compage
1741 2876 1807 2947 per
1821 2852 1944 2944 cives,
1968 2850 2041 2925 ubi
2103 2861 2108 2870 '

416 2945 578 3046 'aceepit
601 2947 820 3050 fragorem,
846 2970 937 3021 cum
956 2943 1079 3027 armis
1104 2967 1144 3023 se
1163 2941 1205 3016 in
1231 2941 1409 3018 Tiberim
1423 2943 1538 3038 dedit,
1565 2969 1611 3018 ac
1636 2949 1781 3044 pariter
1804 2967 1843 3027 et
1873 2951 2045 3029 hostium

428 3051 553 3126 victor
575 3064 613 3123 et
633 3048 808 3122 fluminis
832 3047 1058 3149 superiectis
1082 3045 1338 3119 Etruscorum
1362 3045 1450 3120 telis
1473 3047 1630 3122 meavit.
2098 3119 2106 3132 ,

505 3157 546 3238 2)
575 3147 840 3249 Cloeliavirgo
855 3149 956 3224 haud
967 3144 1166 3222 dissimilis
1180 3145 1275 3220 iacti
1287 3161 1328 3224 et
1340 3147 1507 3222 virtutis.
1534 3146 1642 3222 Haec
1652 3165 1735 3247 post
1745 3151 1930 3255 exiguum
1943 3167 2045 3230 tem.

430 3253 532 3350 poris
558 3252 827 3338 intervallum,
863 3277 932 3348 per
957 3247 1122 3325 eundem
1149 3247 1302 3324 alveum
1329 3250 1452 3346 ruptis
1479 3247 1647 3326 vinculis
1672 3251 1873 3330 innatavit.
1924 3255 2043 3334 Obses

427 3355 566 3452 quippe
580 3356 794 3432 Porsennae
807 3349 918 3445 data,
943 3351 1081 3453 vigiles
1105 3347 1263 3444 fefellit,
1290 3363 1328 3432 et
1350 3373 1558 3426 conscenso
1578 3375 1673 3446 equo
1695 3378 1762 3452 per
1778 3355 1951 3436 Tiberim
1969 3361 2044 3436 Ro-

368 3511 371 3521 ·
431 3479 540 3534 mam
561 3453 688 3528 rediit.
741 3452 877 3542 Statua
888 3453 928 3526 ei
943 3450 1128 3548 equestris
1143 3475 1193 3524 ex
1210 3467 1362 3528 senatus
1376 3454 1547 3528 consulto
1563 3451 1663 3530 data.
1713 3493 1716 3502 ’

475 3553 1075 3649 ¹ii)Sertoriusloricatushastam
1083 3551 1218 3628 nixam
1228 3556 1336 3628 oculo
1345 3579 1482 3658 gerens
1490 3549 1718 3630 lihorlanum
1726 3561 1992 3640 transnatavit.
2008 3573 2041 3648 ¹)

491 3661 534 3742 4)
562 3653 686 3734 Gallis
712 3653 939 3758 victoribus.
967 3654 1063 3738 duce
1078 3655 1231 3730 Brenno
1246 3680 1338 3732 cum
1355 3657 1435 3732 sola
1450 3679 1520 3730 arx
1539 3669 1577 3730 et
1595 3651 1830 3754 Capitolium
1849 3660 1896 3734 ad
1909 3663 2041 3738 tuitio·
2149 3743 2150 3746 ,

428 3781 521 3832 nem
536 3755 663 3854 populi
678 3753 834 3836 romani
847 3781 931 3842 ,esse
945 3755 1142 3854 coepisset,
1167 3779 1290 3852 neque
1304 3757 1367 3846 hia¹
1381 3757 1540 3842 collibus
1558 3758 1688 3839 omnis
1705 3760 1828 3858 recipi
1849 3761 1963 3838 turba
1977 3767 2042 3838 vel

428 3859 618 3944 nobilium
632 3856 780 3931 civium
797 3873 943 3954 posset,
958 3881 1005 3938 ex
1018 3855 1183 3931 concilio
1199 3881 1308 3938 sanes
1320 3859 1444 3956 planis
1458 3859 1604 3956 recepti
1619 3873 1721 3951 sunt,
1748 3875 1786 3936 et
1799 3859 1912 3938 electi
1926 3865 2042 3940 missi
2079 3901 2083 3908 v

428 3961 584 4038 iuvenes
604 3957 651 4042 ad
670 3957 812 4034 tutiora
826 3973 868 4034 ut
882 3959 1055 4038 valerent
1070 3957 1221 4042 menda·
1248 3961 1350 4039 Tum
1369 3975 1562 4044 senatores
1576 3985 1668 4034 cum
1692 3960 1908 4066 insignibus
1925 3964 2045 4042 hono.

428 4087 539 4155 rum,
567 4072 888 4165 quosgesserant,
916 4075 955 4136 et
967 4055 1295 4156 sacerdotiorum,
1321 4061 1463 4161 apertis
1477 4061 1617 4160 ubique
1632 4061 1759 4138 ianuis
1785 4111 1798 4136 .
1824 4115 1835 4136 .
1864 4115 1872 4136 .

542 4177 777 4296 Reliqua
805 4177 1210 4288 desiderantur,
1238 4210 1422 4296 nempe
1450 4213 1475 4270 a
1504 4179 1594 4268 lib.
1622 4179 1719 4270 ΙΙΙ,
1748 4211 1853 4300 cap.
1882 4191 1923 4280 2.

691 4297 697 4304 ’
831 4288 1140 4410 nauoque
1168 4289 1229 4382 ed
1255 4295 1434 4409 operis
1461 4291 1639 4396 finem.

469 4477 504 4558 1)
528 4477 631 4540 Deest
648 4475 716 4538 hoc
736 4491 830 4536 exem
854 4471 924 4536 ium
945 4473 982 4542 iu
1006 4472 1136 4542 Valerii
1156 4471 1255 4541 sarie,

466 4559 501 4638 t)
523 4559 560 4623 P.
582 4561 655 4624 111.
677 4558 711 4620 ff.
734 4555 786 4622 17,
829 4491 1025 4636 ixemplun
1045 4553 1251 4637 capillum
1276 4549 1482 4616 rutilium
1502 4549 1585 4617 sibi
1606 4560 1726 4620 cotta
1745 4552 1967 4624 iaciebant
1987 4565 2040 4625 vi-

530 4638 630 4706 detur
651 4638 735 4710 mihi
754 4633 1026 4705 transferendum
1046 4635 1090 4707 ud
1110 4633 1146 4698 ff.
1165 4639 1198 4704 u,
1221 4632 1398 4700 dicendum
1424 4653 1465 4718 ue
1496 4631 1704 4718 Spartani
1733 4639 1944 4722 capillum
1972 4660 2039 4708 ru.

530 4721 662 4786 iilum
691 4719 777 4784 sibi
800 4713 1074 4800 (ceromatci)
1101 4716 1352 4783 testebant·
1428 4715 1577 4800 apostant
1603 4717 1775 4801 exemplar
1802 4720 1931 4788 mdis
1963 4739 2038 4788 esse

533 4801 839 4888 inquinatissimam
858 4801 926 4886 iam
947 4795 1029 4868 disi.
1118 4855 1122 4862 .
