4320 5606
1068 361 1315 482 ...at-...4

322 605 325 614 “
457 608 526 700 16)
551 607 638 680 Post
663 619 897 683 cannensem
923 601 1074 678 cladem
1107 623 1200 676 cum
1226 602 1318 676 satis
1345 602 1442 682 iusto
1469 619 1548 679 tota
1580 603 1717 678 civitas
1743 601 1786 676 in
1812 625 1993 677 maerore

381 743 501 820 esset,
537 743 691 842 senatus
726 727 874 802 censuit
906 739 949 800 ut
984 723 1064 800 dies
1088 724 1208 798 XXX.
1243 739 1397 800 tantum
1432 725 1597 802 luctibus
1627 726 1832 802 darentur:
1866 725 1992 802 insta-

378 847 475 925 bant
501 850 607 922 enim
634 836 745 926 secra
770 847 949 941 Cereris,
976 871 1072 942 quae
1097 845 1295 946 oportebat
1319 874 1343 922 a
1367 849 1479 924 laetis
1504 847 1716 928 celebrari:

461 991 530 1084 17)
554 995 681 1068 Varro
708 991 747 1068 iu
777 987 923 1066 Cannis
958 995 1061 1068 male
1093 995 1272 1069 adversus
1298 995 1440 1071 Poenos
1467 1016 1554 1067 rem
1588 993 1748 1095 gessisse
1777 993 1887 1067 fuere
1927 995 1992 1090 qui

380 1115 608 1206 crederent,
641 1140 684 1187 eo
710 1113 809 1210 quod
841 1137 1005 1212 puerum
1037 1114 1366 1213 speciosissimum
1394 1115 1436 1188 in
1461 1117 1566 1191 lovis
1599 1131 1710 1192 tensa
1735 1117 1990 1213 imposuisset.

379 1237 435 1314 Ob
463 1236 502 1310 id
527 1239 674 1312 laesam
700 1235 864 1328 saevisse
889 1235 1094 1314 lunonem.
1156 1237 1235 1318 Vix
1262 1236 1424 1336 denique
1447 1254 1533 1338 post
1558 1240 1703 1335 aliquos
1728 1265 1848 1319 annos
1874 1241 1992 1316 sacri·

380 1360 484 1439 ficiis
511 1361 623 1457 culpa
648 1358 802 1458 expiata
826 1372 896 1436 est.

399 1551 402 1558 ·
458 1523 528 1614 18)
554 1517 739 1592 Hercules
764 1515 899 1592 ltaliae
932 1515 1066 1616 hospes
1092 1507 1210 1592 sacra
1236 1515 1361 1592 fertur
1385 1516 1518 1592 Potitis
1545 1517 1767 1611 tradidisse,
1803 1543 1899 1614 quae
1925 1543 1992 1616 per

384 1643 556 1720 familias
582 1656 734 1716 servata
760 1654 858 1714 sunt.
922 1639 996 1715 Sed
1022 1655 1152 1738 postea
1176 1640 1323 1738 Appius
1350 1665 1485 1716 censor
1511 1641 1631 1716 servis
1657 1623 1892 1738 publicis'ea
1917 1655 1993 1716 tra·

239 1771 372 1856 psalli.
386 1766 501 1842 didit:
521 1765 566 1842 ob
584 1750 702 1858 ;quo'd
718 1761 915 1860 piaculum
929 1762 1046 1838 Potiti
1066 1789 1200 1840 omnes
1220 1763 1380 1861 puberes
1398 1765 1479 1838 iere
1495 1765 1613 1842 XXX.
1630 1763 1764 1838 eodem
1780 1761 1992 1838 occubuere

387 1915 504 1966 anno:
532 1885 670 1960 dehinc
695 1883 841 1982 Appius
867 1883 1040 1958 eiusdem
1067 1883 1128 1958 vir
1153 1887 1306 1986 generis
1333 1901 1558 1962 excaecatus
1583 1902 1652 1962 est

462 2027 530 2117 la)
557 2017 795 2119 Carthagine
823 2017 1057 2092 allomeris
1092 2035 1226 2117 capta,
1258 2017 1439 2116 spoliatus
1463 2021 1599 2121 Apollo
1632 2035 1737 2097 veste
1762 2009 1901 2112 aurea,'
1936 2019 1994 2094 in-

385 2162 522 2222 ventae
548 2155 657 2231 sunt,
684 2139 776 2219 dum
803 2140 937 2215 frustis
963 2139 1147 2234 tunicae„
1166 2167 1306 2219 manus
1331 2166 1467 2216 eorum
1494 2144 1560 2239 qui
1585 2143 1823 2220 abstulerant
1843 2147 1892 2244 a),

457 2305 528 2394 20)
554 2301 726 2373 Brennus
752 2323 821 2372 rex
838 2295 1043 2374 Gallorum
1065 2299 1237 2375 victoriis
1255 2297 1422 2398 Delphos
1448 2325 1566 2396 usque
1584 2317 1820 2398 pervenerat
1874 2297 1994 2376 Cum·

383 2450 454 2528 que
480 2423 561 2496 iam
582 2421 775 2496 humanae
800 2421 902 2495 vires
923 2421 1102 2498 resistere
1127 2425 1162 2498 ei
1195 2425 1353 2498 omnino
1369 2449 1446 2497 non
1468 2439 1637 2521 possent,
1665 2427 1902 2517 cultoresque
1916 2424 1992 2496 loci

384 2549 430 2622 ad
446 2546 663 2646 Apollinem
683 2543 964 2644 confugissent3
991 2547 1185 2642 respondit
1201 2545 1287 2620 deos
1304 2571 1437 2620 secum
1456 2561 1494 2620 et
1511 2546 1690 2621 candidas
1708 2547 1851 2644 puellas
1869 2545 1992 2622 Gallis
2043 2613 2046 2618 .

383 2687 629 2772 pugnaturas.
683 2669 783 2739 Tum
812 2665 964 2742 nivibus
990 2689 1082 2740 cum
1109 2669 1217 2742 omni
1244 2667 1417 2742 exercitu
1434 2671 1609 2744 Brennus
1635 2693 1832 2768 oppressus
1859 2685 1915 2741 est
1944 2671 1991 2758 ι).

454 2831 523 2920 al)
556 2825 711 2902 Lucum
738 2819 958 2918 Aesculapii
983 2823 1147 2896 Turulus
1173 2823 1334 2898 Antonii
1368 2823 1582 2920 praefectus
1609 2824 1650 2896 in
1685 2850 1798 2898 usum
1833 2825 1991 2902 navium

379 2949 561 3026 succidit:
585 2961 713 3044 postea
733 2944 857 3016 victus
879 2967 902 3019 a
921 2937 1112 3037 Caesare,
1139 2943 1181 3018 in
1199 2945 1332 3020 eodem
1351 2946 1439 3020 luco
1463 2946 1627 3019 Turulus
1646 2947 1899 3044 interemptus
1924 2965 1991 3022 est.

455 3097 525 3186 22)
551 3089 707 3164 Fulvius
733 3089 895 3164 Flaccus
921 3087 1057 3162 censor
1078 3090 1118 3182 b)
1145 3109 1236 3168 cum
1265 3087 1398 3164 aedem
1417 3089 1607 3164 Fortunae
1634 3089 1819 3183 equestris
1845 3093 1991 3171 Romae

380 3219 538 3306 faceret,
565 3203 713 3313 tegulas
740 3225 778 3283 et
804 3233 1005 3288 marmora
1031 3207 1077 3282 de
1102 3210 1247 3308 templo
1268 3211 1429 3284 lunonis
1454 3209 1619 3292 laciniae
1644 3213 1857 3293 transtulit:
1885 3239 1993 3296 mox-

381 3363 452 3436 que
477 3351 606 3411 mente
629 3332 772 3424 caruit,
800 3331 1000 3428 filiumque
1027 3332 1264 3412 militantem
1288 3333 1330 3412 in
1352 3333 1514 3438 Illyrico,
1528 3333 1672 3416 amisit.
1727 3337 1828 3413 'lum
1851 3335 1990 3427 referri

381 3477 534 3540 senatus
561 3471 742 3554 usurpata
767 3453 892 3532 iussit.

457 3601 526 3690 23)
552 3591 762 3674 Pleminius
780 3592 971 3691 Scipionis
987 3593 1134 3694 legatus
1150 3589 1397 3689 Proserpinae
1415 3587 1641 3670 thesaurum
1657 3591 1853 3684 vacuavit:
1873 3613 1988 3686 quem

381 3721 511 3818 Scipio
538 3730 759 3792 catenatum
787 3717 955 3791 Romam
982 3713 1140 3808 direxit,
1166 3713 1234 3789 ubi
1259 3711 1300 3786 in
1327 3735 1483 3789 carcere
1508 3727 1630 3794 taetro
1655 3713 1989 3814 languoreperiit.

382 3843 545 3920 Senatus
570 3865 661 3914 vero
689 3837 844 3935 duplam
872 3837 1079 3936 pecuniam
1105 3836 1339 3914 reddendam
1366 3833 1527 3912 censuit·
1556 3841 1559 3868 ³

458 3991 528 4082 24)
554 3982 739 4061 Eiusdem
773 3980 864 4058 deae
899 4007 988 4081 opes
1014 4009 1083 4060 rex
1108 3979 1279 4084 Pyrrhus
1312 3979 1451 4060 Locris
1484 3975 1687 4076 populatus
1712 3989 1787 4049 est:
1823 3949 1988 4078 cumque

371 4111 573 4214 navigaret
581 4159 594 4199 ‚
621 4105 755 4180 subitis
780 4103 1072 4202 tempestatibus
1096 4129 1189 4224 cum
1215 4104 1363 4186 classes
1389 4099 1515 4182 illisus
1541 4113 1615 4180 est:
1647 4113 1759 4196 rapta
1785 4116 1918 4178 autem
1945 4105 2012 4180 ins

372 4239 488 4316 litore
514 4233 670 4320 iuventa
697 4249 741 4300 ao
768 4225 917 4303 reddita
943 4242 1043 4303 sunt.
1072 4241 1076 4252 “
1684 4221 1686 4228 ’

399 4415 576 4514 ἱ1)’1)οιειι
601 4425 666 4490 boc
695 4423 882 4504 exemplum
909 4421 1000 4506 apud
1020 4423 1208 4488 Valerium.
1237 4423 1314 4484 -Est
1328 4438 1409 4506 orgo
1429 4419 1514 4482 exiis
1540 4417 1807 4500 praetermissis,
1838 4437 1924 4504 qnae
1946 4419 1985 4484 du

475 4509 619 4594 epistula
639 4505 848 4587 Nepotianus
869 4521 1079 4568 cancrorum
1099 4525 1135 4571 ss
1156 4505 1339 4589 promittit.

406 4614 449 4694 a)
471 4611 554 4680 cod.
576 4607 853 4674 abstulerint
895 4604 931 4686 b)
956 4604 1038 4671 cod.
1061 4625 1219 4672 consor
1238 4613 1432 4670 senatus.
