4320 5606
384 969 1500 1113 ianuariiNeporiooi
1757 1026 1892 1108 sapsa
2020 969 2024 978 ⁴

229 1181 553 1299 -Epitonttt
616 1179 967 1272 Librorum
1030 1173 1295 1266 Valerii
1362 1169 1632 1270 Maximi

374 1581 600 1670 ianuarias
629 1585 885 1701 Nepotianus
913 1585 1073 1671 Victori
1098 1581 1186 1670 Suo
1216 1581 1415 1674 Salutem.
1476 1589 1520 1692 ¹).

116 1783 162 1907 J
164 1839 364 1935 inpensius
391 1863 508 1937 quam
548 1835 669 1914 ceteri
684 1835 942 1910 adulescentes
968 1831 1091 1912 literis
1117 1831 1265 1926 studes,
1293 1859 1365 1932 quo
1392 1852 1543 1918 tantum
1570 1845 1738 1942 proficis,

113 1971 161 2030 ut
190 1960 323 2062 exigas
350 1962 492 2060 scripta
516 1975 694 2036 veterum
722 1955 916 2048 coerceri,
943 1954 1002 2028 mi
1024 1951 1183 2032 Victor:
1210 1956 1307 2052 quod
1332 1959 1522 2038 iudicium
1549 1966 1668 2044 etiam
1696 1971 1737 2044 in

114 2079 278 2158 senibus
321 2107 457 2160 rarum
490 2099 565 2176 est,
608 2081 697 2177 quia
737 2094 842 2154 recte
881 2075 1033 2152 dicendi
1066 2078 1229 2154 scientia
1263 2079 1316 2176 in
1331 2083 1463 2180 paucis
1484 2089 1573 2180 ⁸)st
1611 2090 1736 2192 Igitur
1859 2155 1863 2166 ,

114 2201 165 2273 de
196 2205 353 2281 Valerio
377 2207 548 2280 Maxime
575 2227 732 2284 mecum
751 2203 883 2297 senus,
911 2225 1025 2298 opera
1051 2202 1134 2297 ejus
1159 2201 1274 2286 utilia
1301 2227 1398 2298 esse,
1425 2207 1458 2286 si
1484 2209 1563 2286 sint
1586 2209 1733 2288 brevia.

114 2326 251 2426 Digna
279 2329 385 2402 enim
406 2327 623 2430 cognitione
645 2324 861 2422 componit,
888 2321 951 2397 sed
979 2322 1194 2425 colligenda
1216 2324 1405 2423 producit,
1431 2329 1524 2406 dum
1544 2358 1584 2408 se
1611 2353 1733 2412 osten·

113 2462 172 2522 tat
199 2449 410 2543 sententiis,
435 2450 530 2524 locis
557 2449 688 2538 iactat,
715 2444 842 2520 fundit
867 2443 1107 2540 excessibus,
1135 2461 1232 2522 etec
1255 2447 1417 2524 fortasse
1442 2452 1492 2530 sit
1513 2458 1554 2549 b)
1579 2463 1731 2554 paucio.

112 2569 222 2644 ribus
248 2587 381 2662 notus,
414 2570 512 2666 quod
537 2569 750 2672 legentium
778 2565 952 2647 ariditati
979 2593 1091 2644 mora
1124 2567 1208 2666 ipsa
1231 2569 1386 2650 fastidio
1414 2589 1480 2650 est.
1541 2579 1770 2663 Recidam,
1819 2613 1824 2634 ·
1953 2661 1959 2668 ,

112 2693 256 2790 itaque,
281 2693 422 2785 utris,
449 2693 530 2766 eius
547 2689 822 2782 redundantia,
850 2704 888 2764 et
910 2691 1088 2788 pleraque
1105 2691 1382 2793 transgrediar,
1408 2701 1592 2777 nonnulla
1616 2731 1725 2802 prae.

110 2815 293 2896 termissa
308 2830 511 2898 conectam
534 2817 583 2906 ο).
635 2812 710 2888 Sed
732 2813 805 2888 hoc
835 2837 990 2906 meum,
1017 2837 1089 2886 nec
1109 2813 1192 2886 vim
1209 2814 1456 2912 antiquorum
1477 2820 1633 2906 babebit
1653 2855 1725 2908 nec

109 2937 246 3014 fucum
273 2961 473 3012 novorum.
539 2937 707 3010 Etcum
741 2935 894 3037 integra
920 2936 1001 3010 fere
1027 2935 1069 3010 in
1094 2932 1244 3010 occulto
1280 2937 1378 3042 sint,
1416 2959 1569 3040 praeter
1594 2919 1668 3026 nos
1684 2952 1725 3050 d)

110 3059 207 3152 duo,
235 3059 403 3170 profecto
429 3082 545 3134 nemo
573 3058 782 3155 epitomata
806 3073 1023 3159 cognoscat.
1066 3056 1305 3156 Hocltutius
1332 3061 1469 3138 abutor
1493 3069 1581 3146 otios
1617 3075 1874 3188 Ι-Ιεηιερίωο

108 3207 266 3276 censor,
299 3181 346 3256 de
378 3197 506 3264 cetero
529 3183 576 3273 θ)
607 3203 702 3254 cave
726 3180 791 3252 hic
819 3179 922 3258 aliud
949 3205 1065 3278 quam
1096 3179 1333 3266 brevitatem
1370 3186 1569 3290 requirar,
1604 3219 1719 3292 quam

102 3307 225 3380 solam
250 3303 465 3403 poposcisti.
519 3299 646 3394 Cura,
674 3302 733 3374 mi
759 3303 920 3396 Victor,
946 3318 990 3378 ut
1014 3304 1156 3380 valeas.

141 3503 175 3580 l)
199 3501 442 3564 Praefationem
465 3499 550 3560 hanc
572 3497 678 3560 edidit
698 3499 875 3560 stbeens
894 3497 1047 3560 biblioth.
1070 3519 1146 3562 mes.
1170 3497 1211 3566 T.
1234 3499 1251 3562 1
1272 3519 1305 3581 p.
1325 3503 1398 3568 m,
1441 3503 1483 3568 Ει
1505 3509 1643 3590 quidem
1660 3535 1715 3582 m..

202 3584 314 3650 bitror
335 3600 380 3662 ως
403 3581 467 3644 hoc
488 3579 602 3640 eodem
633 3581 786 3640 vaticano
817 3579 949 3660 codice,
981 3597 1000 3638 a
1045 3598 1089 3642 uo
1112 3601 1202 3642 nnnc
1222 3601 1241 3644 e
1264 3601 1284 3644 o
1311 3582 1474 3646 ineditum
1498 3591 1606 3670 ipsum
1629 3619 1713 3682 opus

203 3663 383 3743 depromo:
406 3680 547 3741 namque
564 3661 740 3721 Labbaeus
757 3661 790 3718 in
812 3599 1091 3740 praecedentibus
1109 3661 1157 3722 ibi
1178 3665 1308 3746 paginis
1320 3666 1430 3726 utitur
1446 3667 1520 3732 aliis
1542 3679 1713 3748 codicibus

202 3745 366 3810 vaticanis
388 3742 427 3802 ad
441 3740 568 3804 edenda
590 3744 726 3822 etrtiqua
743 3743 939 3824 fragmenta.
984 3741 1080 3822 Quod
1101 3752 1213 3804 autem
1229 3741 1334 3806 codex
1355 3761 1374 3805 a
1395 3764 1448 3806 me
1470 3769 1560 3823 nnnc
1580 3761 1711 3843 imm,

201 3834 257 3886 tne
279 3841 347 3885 non
372 3824 479 3884 solum
498 3821 737 3883 emendationis
754 3823 882 3902 aliquot
903 3819 1127 3903 suppeditavit
1148 3822 1248 3886 buius
1263 3826 1568 3916 praefatiunculae,
1590 3861 1710 3912 verum
1779 3845 1782 3852 ·

201 3909 299 3968 etiarn
322 3903 468 3984 ejusdem
485 3903 667 3984 particulas
688 3922 791 3964 novas
811 3903 910 3977 duas;
931 3902 1010 3980 has,
1031 3905 1406 3986 inquam-omissiones
1427 3907 1575 3982 Labbsat
1642 3933 1708 3994 tina

201 3987 441 4070 incogitantiae
463 3985 641 4064 errorique
664 3985 822 4056 tribuam,
846 3983 995 4066 quamde
1016 3985 1082 4056 alic
1095 3985 1278 4068 Nepotiani
1298 3987 1494 4076 exemplari,
1517 4019 1583 4080 quo
1629 4028 1707 4074 nu„

195 4069 285 4148 piam
306 4065 466 4136 hactenns
488 4066 696 4145 comparuit,
718 4068 872 4150 cogitent.

132 4179 165 4261 a)
188 4179 380 4324 {othgerba
402 4181 501 4263 quia
522 4185 647 4240 recte
677 4177 857 4240 dicendi
887 4179 1083 4242 scientia
1103 4181 1151 4244 in
1179 4155 1348 4264 paucis,
1377 4189 1492 4256 omisit
1511 4193 1705 4280 imprudens

226 4280 245 4322 a
290 4279 379 4325 ecus.

131 4375 167 4457 b)
189 4375 297 4444 Lebb,
320 4377 387 4444 tit.
438 4371 638 4454 c)1taeod‚
668 4383 736 4436 vat.
769 4395 842 4436 curn
865 4375 964 4440 unica
995 4395 1036 4456 n;
1069 4395 1153 4459 quae
1181 4387 1231 4442 est
1251 4381 1363 4470 prisca
1383 4383 1534 4476 orthogr,
1585 4391 1621 4472 d)
1643 4395 1700 4464 sp,

190 4459 276 4523 bene
298 4455 369 4520 cod.
397 4467 464 4521 vat
494 4455 579 4516 male
601 4455 775 4518 Lethaeos
807 4474 886 4519 vos.
940 4457 1130 4534 e)1ncod.
1154 4463 1390 4545 picatores,
1420 4485 1462 4529 ex
1490 4489 1555 4554 quo
1576 4477 1697 4544 mendo

189 4557 270 4622 per
301 4549 473 4601 veteres
507 4541 618 4599 iacere
640 4557 783 4615 pronuut
806 4549 896 4614 ‹tt-et,
926 4536 983 4598 sed
1012 4535 1329 4620 parnm'conmodo
1355 4565 1464 4616 sensu,
1517 4549 1627 4620 Malui
1648 4557 1697 4626 do
1781 4563 1784 4570 .

192 4627 354 4686 cetero.
396 4621 571 4684 Labbaeue
594 4621 724 4680 omissis
748 4621 862 4682 stodiis
884 4618 1044 4686 transiliit
1065 4621 1106 4686 ab
1128 4625 1225 4688 otio
1244 4625 1287 4688 ad
1309 4643 1420 4694 eave.
