4320 5606
453 647 527 746 18)
553 641 661 735 Idem¹
687 652 838 730 Xerxes
868 667 959 722 enm
984 633 1321 716 Lacedaemonem
1352 635 1485 710 vellet·
1502 627 1704 728 inuadere,
1729 633 1832 712 iuter
1856 631 1988 712 conri-

280 809 284 820 ·
377 775 548 859 randum
584 765 776 875 accipiens
809 763 944 846 vinum
980 779 1111 863 patera
1139 757 1294 856 excepit
1331 759 1572 861 sanguinem.
1641 757 1725 834 Hoc
1758 758 1904 840 iterum
1939 779 1990 838 ac

377 902 516 984 terlio(
560 903 669 1006 'luno
696 893 812 996 magi
830 901 1064 966 monuerant
1087 899 1131 963 ut
1155 881 1202 963 ab
1227 881 1381 980 incepta
1405 879 1618 962 intentione
1642 881 1851 960 desisteret.
1899 901 1908 920 “
1960 927 1966 942 ·
2003 902 2008 912 ·

464 1063 528 1146 le>
556 1055 681 1134 Midae
707 1052 791 1156 regi
817 1049 967 1154 futuro,
1001 1067 1094 1120 oum
1120 1036 1259 1141 parvus
1285 1054 1402 1132 esset,
1436 1023 1775 1146 formicaegrana
1797 1039 1994 1121 frumeuti

382 1189 423 1268 ln
453 1207 494 1264 os
525 1182 778 1286 ingesserint·
831 1169 1059 1254 Ditissimus
1086 1161 1264 1238 omnium
1290 1161 1376 1239 fuit.

964 1417 969 1430 ,
1039 1317 1151 1440 vCsap.
1211 1317 1333 1408 VIII.

827 1512 944 1588 Dc
1046 1497 1531 1585 8·om'nls's.

463 1692 508 1769 ll
536 1684 765 1768 Octavianus
791 1679 988 1782 Augustus
1022 1695 1151 1774 aeger·
1172 1667 1213 1748 in
1239 1667 1376 1746 eastris
1409 1663 1635 1766 pharsalicis
1662 1654 1756 1744 erat.
1817 1663 1995 1766 Cumque

349 1861 354 1868 ·
387 1815 486 1916 apud
511 1812 702 1910 Philippos
727 1809 813 1882 luce
837 1795 1002 1898 venture
1027 1809 1243 1871 certaturae
1264 1790 1379 1864 civile
1406 1791 1508 1867 inter
1528 1787 1674 1864 bellum
1688 1813 1886 1869 numanae
1913 1817 1994 1868 ma·

388 1966 459 2016 nus
485 1951 630 2028 essent,
663 1930 840 2008 Minerva
864 1925 907 2000 in
932 1919 1095 1999 somniis
1119 1915 1204 1990 visa
1238 1911 1389 1988 medico
1416 1911 1498 1988 eius
1524 1912 1681 1990 Artorio
1706 1913 1835 2008 iussit,
1868 1941 1919 1992 ne
1944 1943 1993 1992 eo

388 2065 487 2138 bello
514 2060 686 2158 Augusto
712 2073 805 2152 opus
830 2060 940 2124 esset.
991 2041 1053 2120 Ad
1078 2035 1177 2138 quod
1203 2035 1392 2134 proelium
1420 2058 1511 2110 oum
1537 2033 1677 2111 lectica
1701 2037 1801 2114 latus
1828 2053 1902 2136 est:
1929 2037 1996 2117 sed
2129 2115 2132 2124 ,

390 2159 535 2292 intento
562 2205 606 2254 eo
632 2178 674 2254 in
699 2173 907 2256 adventum
931 2158 1137 2256 victoriae,
1163 2161 1303 2260 Brutus
1328 2169 1456 2232 castra
1478 2157 1563 2232 eius
1591 2157 1704 2258 cepit.

273 2316 285 2331 ⁸
390 2314 393 2320 ¹
468 2343 508 2426 2)
535 2329 773 2432 calphurnia
791 2351 889 2406 uxor
907 2323 1002 2404 Julii
1018 2317 1197 2402 Caesaris
1219 2315 1315 2392 vidit
1336 2313 1378 2393 in
1398 2311 1545 2393 somnis
1567 2315 1755 2392 maritum
1773 2339 1887 2394 suum
1912 2339 2005 2394 oou.

395 2465 539 2564 fossum
573 2453 795 2532 vulneribus
826 2449 870 2530 io
903 2449 991 2524 sinu
1025 2469 1093 2520 suo
1126 2441 1266 2524 iacere.
1305 2439 1460 2538 ,Oravit
1492 2433 1710 2530 Caesarem!
1735 2467 1782 2516 ne
1808 2465 1853 2517 eo
1886 2465 2003 2530 mane

395 2586 520 2661 abiret
546 2583 586 2656 in
614 2593 802 2654 senatum·
862 2571 939 2650 Sed
971 2570 1036 2646 ille
1069 2567 1330 2671 auspiciorum
1357 2587 1471 2665 saepe
1506 2563 1736 2668 neglegens,
1771 2563 2004 2662 contempsit

397 2706 617 2793 somnium,
643 2699 710 2778 sed
735 2698 841 2775 exitu
866 2689 1053 2794 probavit.

299 2939 302 2952 ¹
473 2853 517 2940 3)
543 2849 580 2919 P.
609 2841 752 2920 Decius
777 2841 862 2918 stus
888 2851 927 2914 et
951 2831 1105 2914 Mallius
1129 2831 1341 2922 ‘l'orquatus
1365 2825 1540 2900 consules
1571 2824 1670 2900 bello
1695 2827 1815 2904 latino
1839 2833 2009 2908 somnia·
2142 2838 2143 2843 ’

292 3013 299 3030 ›
399 2989 490 3050 runt
516 2969 589 3044 diis
615 2961 795 3042 manibus
810 2976 1011 3054 terraerpue
1028 2951 1147 3030 matri
1173 2947 1331 3028 alterius
1345 2947 1585 3026 excercitum
1612 2947 1755 3026 deberi.
1790 2949 1893 3028 Cum
1919 2979 2009 3030 con·
2143 3018 2144 3040 p

266 3069 270 3088 ⁸
328 3167 332 3178 ,
400 3097 528 3175 sulum
557 3086 710 3168 somnia
727 3079 1008 3172 convenirent,
1033 3073 1198 3154 consulti
1222 3073 1276 3148 dii
1303 3085 1403 3160 sunt
1453 3069 1561 3146 Idem
1589 3097 1636 3146 ox
1662 3074 1831 3172 auspicio
1857 3099 2010 3175 mpura·
2143 3047 2144 3056 ἵ

402 3243 489 3296 snm
517 3229 592 3304 est,
626 3211 729 3287 inter
760 3205 914 3282 eosdem
946 3201 1061 3278 duces
1073 3251 1087 3294 ,
1121 3211 1166 3274 ut
1189 3195 1229 3272 is
1256 3219 1297 3270 se
1325 3193 1444 3274 morti
1476 3192 1652 3286 offerret,
1681 3196 1794 3276 'culus
1827 3223 1946 3276 cornu
1971 3215 2011 3276 et

404 3341 504 3424 acies
519 3335 637 3439 -prlus
657 3329 793 3406 cedere
813 3324 999 3426 coepisset
1023 3323 1064 3400 in
1081 3320 1236 3422 proelio.
1282 3317 1447 3394 Dacium
1467 3315 1634 3417 gloriosa
1659 3317 1764 3400 facta
1788 3337 2011 3419 rapuerunt,

404 3461 580 3562 quamris
606 3471 644 3532 et
669 3457 882 3550 Torquatus
908 3446 1012 3525 mori
1038 3469 1106 3546 pro
1135 3443 1260 3542 patria
1286 3451 1553 3542 praeoptasset.
1681 3476 1687 3490 ·

481 3603 521 3688 Α)
547 3587 730 3668 Ciceroni
753 3583 877 3678 exuli,
909 3605 1003 3662 curn
1027 3579 1242 3676 quiesceret
1265 3575 1307 3650 in
1333 3573 1424 3652 villa
1450 3573 1581 3670 campi
1606 3573 1763 3656 esinatis
1784 3578 1823 3668 s)
1848 3577 1889 3650 in
1915 3602 2016 3656 pom„

407 3722 481 3796 niis
517 3711 687 3792 occurrit
714 3710 846 3810 imago
873 3703 923 3784 G·
949 3703 1065 3784 Marii
1091 3723 1184 3778 oum
1216 3696 1433 3800 insignibus
1459 3697 1897 3794 consociatus,.visusquo
1924 3723 2016 3774 cum
2132 3699 2139 3710 '

408 3841 536 3940 pictori
557 3835 708 3919 tradere
723 3832 789 3932 qui
811 3831 853 3906 in
879 3839 1175 3910 mouumentum
1192 3820 1415 3900 marianum
1432 3817 1654 3910 delucerata
1682 3817 1893 3914 praemissa
1909 3843 2016 3912 voce,

409 3968 491 4054 illic
517 3985 624 4062 spem
660 3957 697 4032 ei
729 3953 934 4031 meliorem
968 3947 1064 4026 fore.
1128 3941 1320 4048 Deinceps
1355 3941 1570 4040 intemplo
1602 3938 1707 4018 doris
1740 3962 1763 4016 a
1793 3939 1920 4020 Mario
1954 3961 2015 4020 ex.

411 4102 556 4176 structo
583 4081 628 4163 de
654 4077 779 4156 reditu
804 4069 1005 4153 Ciceronis
1031 4067 1184 4150 senatus
1211 4063 1390 4142 decrerit.
1490 4047 1493 4058 ’

1530 4175 1545 4204 .

253 4209 401 4298 9¹3³oe-
490 4221 534 4314 5)
560 4214 716 4295 Cassius
742 4208 957 4312 parmensis
968 4259 982 4302 ‚
1017 4227 1195 4306 percusso
1221 4197 1410 4292 Antonio,
1443 4193 1541 4272 vidit

1573 4191 1614 4268 in
1646 4215 1782 4282 somno
1816 4193 2018 4294 hpmlnem

416 4335 719 4450 paraagrandem
748 4347 973 4408 concretum
997 4343 1186 4417 comaet
1206 4323 1339 4403 barba.
1391 4315 1555 4419 Rogavit
1579 4315 1663 4411 quis
1688 4331 1804 4394 esset:
1829 4319 2023 4419 respondit

306 4489 311 4500 '
417 4497 457 4554 se
482 4493 562 4547 esse
582 4465 740 4541 Oreum.
780 4451 1014 4532 Inclamavit
1037 4475 1186 4558 pueros,
1213 4441 1659 4552 quaesivitqueecquem
1682 4441 1801 4521 talem
1828 4441 2022 4526 vidissent.

457 4665 492 4746 s)
515 4659 598 4734 (lod.
613 4653 834 4747 ¹altinatis
