4320 5606
754 373 1024 512 ⁸15'

192 651 271 744 25)·
290 646 352 724 At
379 645 626 722 Masinissam
645 647 794 742 regem
819 633 1037 705 immensae
1063 625 1344 730 magnitudinis
1375 614 1576 720 elephanti·
1599 611 1729 686 denies

113 773 336 869 praefectus
363 769 496 845 classis
524 767 679 859 detulit3
713 781 806 857 quos
831 771 922 826 oum
950 747 1191 846 cognovisset
1216 777 1237 824 e
1262 751 1407 846 templo
1432 737 1591 820 «lunonis
1619 730 1729 832 meli·

110 895 251 970 tensis·
270 893 437 984 ablatos,
469 891 635 966 remisit.
695 871 897 973 Inscripsit
932 889 1077 962 ‘lumine
1109 871 1319 972 gentilibus
1343 865 1504 946 litteris:
1539 856 1728 954 accepisse

110 1041 250 1119 regem
275 1018 547 1118 ignorantem,
573 1009 786 1110 supplicem
810 989 1021 1098 remisisse.

868 1263 879 1288 .
936 1191 994 1280 11.

267 1350 361 1461 Qui
384 1351 699 1454 Religionem
723 1201 1205 1426 Dissimulaverint,
1236 1333 1283 1410 V
1285 1335 1331 1410 el
1356 1333 1428 1404 De
1457 1325 1568 1402 Con-
1709 1309 1713 1326 '

620 1511 805 1596 tempta
833 1489 1226 1576 observantiae.

189 1658 232 1748 1)
258 1654 470 1757 Dionysius
497 1655 781 1758 Syracusarum
813 1667 1003 1756 tyrannus
1030 1635 1180 1726 Locris'
1202 1641 1339 1720 fanum
1365 1625 1616 1724 Proserpinae
1643 1641 1727 1716 spo·

107 1776 234 1869 liavit‚
252 1793 291 1850 et
305 1779 493 1880 navigans
509 1779 589 1854 suis
607 1777 778 1871 flatibus,
803 1777 918 1854 dixit:
943 1779 1000 1854 sio
1016 1768 1197 1871 sacrilegi
1215 1763 1411 1863 navigant.
1453 1750 1563 1827 idem
1577 1742 1726 1838 Diony·

106 1897 190 1970 sius
215 1898 353 1974 lovem
380 1901 598 2001 olympium
625 1903 740 2000 pallio
758 1927 874 1978 aureo
897 1900 1074 1991 nudavit,
1090 1891 1198 1992 ·quo‹l
1212 1887 1309 1966 Gelo
1336 1881 1381 1956 de
1408 1872 1540 1975 spoliis
1562 1861 1724 1944 Cartha·

105 1999 213 2121 ginis
249 2022 424 2116 dederam
460 2037 498 2098 et
531 2031 704 2124 apposuit
734 2026 892 2099 laneum
925 2025 1075 2115 dicens,
1106 2017 1180 2092 hoc
1212 2008 1336 2112 potius
1367 1992 1591 2082 convenire,
1627 1979 1724 2082 quod

103 2144 242 2218 hieme
269 2145 480 2243 emicaret,
507 2145 582 2220 non
609 2147 709 2244 quoi
733 2161 915 2248 gravaret
940 2159 1094 2223 aestate.

183 2303 228 2394 2)
252 2302 480 2402 Aesculapio
507 2327 653 2400 quoque
678 2304 891 2408 Dionysius
914 2300 1080 2378 barbam
1106 2315 1267 2373 auream
1294 2279 1462 2381 dempsit
1488 2289 1527 2351 et
1553 2269 1632 2359 ait,
1661 2288 1723 2403 pa·

107 2437 168 2495 tre
192 2424 270 2497 levi
295 2423 422 2498 filium
457 2425 671 2528 incongrue
697 2452 778 2502 esse
810 2425 1031 2502 barbatum.
1093 2419 1169 2496 Hic
1196 2413 1352 2512 quidem
1387 2397 1602 2500 impunitus
1627 2391 1722 2480 fam

105 2543 174 2618 sed
198 2545 279 2620 eius
305 2545 408 2622 filius
431 2544 545 2622 heres
571 2547 797 2626 minationis
823 2571 963 2648 poenas
989 2544 1081 2620 dare
1107 2542 1297 2626 delectus,
1326 2527 1442 2606 exilio
1468 2518 1592 2598 solvit.

181 2704 226 2796 3)
249 2702 469 2780 Alexander
498 2706 535 2798 ι)
560 2727 726 2808 magnus
744 2705 921 2780 Miletum
948 2703 1060 2802 cepit.
1114 2697 1219 2778 Cum
1245 2693 1392 2771 milites
1420 2685 1540 2762 etiam
1565 2673 1721 2756 Cereris
1734 2683 1865 2764 peges.

105 2826 297 2923 templum
332 2825 574 2921 introissent,
607 2827 804 2904 excaecati
827 2840 936 2922 sunt,
971 2853 1021 2904 ne
1055 2823 1289 2924 inspicerent
1313 2826 1462 2892 secreta
1486 2819 1639 2882 tantum
1665 2795 1719 2872 fe·

105 2945 228 3022 minis
254 2945 423 3050 cognita.
827 2943 834 2956 “

181 3117 227 3208 4)
251 3116 389 3190 Persae
416 3113 525 3190 mille
558 3142 675 3192 naves
697 3118 876 3216 appulere
892 3117 1036 3194 Delum
1057 3116 1115 3211 a):
1143 3127 1183 3188 at
1206 3131 1297 3186 cum
1311 3102 1468 3180 divitiae
1491 3097 1533 3170 in
1555 3087 1719 3192 praedas

20 3305 21 3315 κ
104 3237 428 3334 9⁰⁵⁸01¹l³ffi⁰0r0
451 3238 631 3334 Victores,
657 3241 838 3324 omnibus
854 3241 985 3342 spoliis
1001 3249 1262 3337 temperatum
1288 3243 1346 3306 est
1363 3227 1405 3300 in
1420 3221 1497 3298 Dei
1512 3218 1714 3292 honorem.

177 3403 223 3497 5)
248 3400 485 3505 Pythagoras
505 3406 548 3500 b)
580 3403 823 3506 philosophus
858 3407 906 3487 ab
937 3401 1235 3482 Atheniensibus
1270 3397 1398 3496 pulsus
1434 3401 1512 3480 est,
1549 3381 1715 3476 librique

102 3525 349 3618 elaeomeli,
376 3525 464 3624 quia
484 3527 692 3628 scripserat
712 3531 893 3634 ignorare
921 3553 1030 3608 aean
1045 3527 1102 3604 dii
1118 3536 1264 3616 essent,
1292 3543 1337 3596 ac
1356 3516 1391 3594 si
1409 3525 1534 3590 essem
1545 3562 1559 3604 ,
1585 3505 1715 3605 quales

20 3717 25 3724 .
102 3661 227 3724 essent
251 3670 359 3748 posse
385 3647 492 3724 sciri.

175 3804 229 3912 ⁶),
246 3803 424 3880 Socrates
449 3804 492 3879 iu
527 3803 664 3884 eadam
697 3807 794 3886 urbe
823 3808 1053 3915 dampnatos
1084 3825 1163 3905 est,
1199 3803 1299 3906 quot
1332 3813 1466 3880 oontra
1499 3789 1707 3894 religiones

99 3949 395 4025 nonnumquam
421 3925 642 4028 disputaret.
1002 3937 1015 3964 '
1452 3925 1457 3934 '
1698 3933 1705 3946 ·

104 4073 595 4104 ...fi-*¹¹¹¹-

137 4129 176 4210 1)
197 4131 248 4195 Ab
269 4131 335 4196 hoc
360 4133 437 4199 loco
464 4131 639 4218 usquead
666 4135 855 4218 exemplum
876 4137 1034 4204 Deiotari
1062 4134 1148 4200 nihil
1173 4129 1266 4198 aliud
1291 4128 1492 4194 habebamus
1510 4121 1558 4198 liu
1579 4113 1714 4186 Valerii

200 4213 406 4278 editionibus
428 4233 528 4298 quam
549 4215 681 4283 Paridis
709 4219 876 4298 epitomae
896 4223 1133 4306 fragmentum.
1186 4215 1288 4279 Nunc
1308 4211 1518 4294 Nepotianus
1539 4207 1711 4289 integrum

199 4297 332 4376 pariter
344 4296 520 4360 Valerium
540 4297 734 4380 compilans,
755 4301 855 4382 plura
895 4302 1073 4384 nandoque
1094 4298 1191 4362 uobis
1212 4294 1356 4371 exhibet,
1377 4299 1412 4354 et
1431 4309 1451 4352 a
1469 4287 1599 4378 Paridis
1619 4295 1711 4346 com·

201 4375 326 4459 penaio
348 4374 493 4444 diversa.
536 4377 650 4462 Quare
670 4377 753 4443 haec
773 4400 852 4466 para
906 4385 1056 4464 spotiaui
1076 4379 1261 4464 pretiosior
1281 4373 1403 4442 ceteris
1423 4379 1483 4434 eat.

140 4499 175 4580 a)
195 4495 275 4565 cod.
297 4499 453 4567 Persae
472 4501 601 4567 milla
630 4505 817 4571 naribus
838 4503 1262 4594 impleverallelum.
1285 4497 1340 4580 'b)
1362 4497 1416 4564 Ita
1435 4490 1591 4560 nonnulli
1610 4489 1712 4558 attam

200 4578 501 4666 vuarnestun,
522 4585 886 4679 pro'Protagoras.
