4320 5606
920 346 1015 431 ,η

141 645 149 658 .
214 578 273 666 4),
286 574 719 678 meadumciroonem
740 581 781 674 ⁸)
805 577 1067 662 confectorem
1095 589 1214 682 primi
1232 595 1366 688 punici·
1385 595 1477 672 belli
1500 595 1607 674 fama
1626 595 1753 672 extitit

123 695 234 774 velle
261 698 316 784 ad
336 701 602 798 praenestinae
616 704 794 780 somenae
810 717 931 778 sortes
949 707 1106 784 mittere
1133 711 1213 788 sive
1235 717 1428 818 colligere.
1474 721 1570 794 Hoc
1584 719 1750 820 cognito,

114 837 288 900 senatus
315 821 484 910 inhibuit
510 825 680 904 extraria
704 849 885 964 responsa
912 831 1176 908 consultorum
1205 835 1375 932 disquiri.
1430 842 1587 918 Jussum
1613 842 1749 950 legatis

123 945 501 1044 estaetilibusque
490 975 529 1022 sn
547 947 643 1026 haec
667 947 820 1042 missis,
846 961 888 1020 ut
905 947 939 1022 ai
964 955 1232 1050 consuluisset,
1259 959 1307 1036 ad
1331 964 1563 1101 supplicium
1581 967 1748 1064 Romam

117 1068 394 1156 reduceretur.
453 1072 629 1170 Denique
665 1070 757 1146 adeo
784 1069 928 1168 profuit
962 1073 1133 1172 lactum,
1175 1094 1216 1152 ut
1242 1107 1310 1178 pro
1338 1081 1496 1160 incertis
1523 1079 1559 1159 ei
1584 1111 1748 1164 romana

117 1193 303 1292 auspicia
329 1179 490 1282 luerint:
517 1219 610 1270 nam
638 1193 684 1271 ab
705 1193 890 1270 altaribus
917 1195 1053 1290 patriis
1071 1199 1277 1296 profectus,
1303 1205 1481 1312 Aegadas
1509 1196 1746 1306 opulentissi-

115 1337 217 1388 mas
241 1313 386 1424 insulas
411 1315 452 1392 in
478 1333 683 1418 conspectu
710 1313 960 1420 Carthaginis
987 1323 1187 1428 populatps
1214 1339 1271 1402 est
1299 1335 1347 1416 ²).

841 1471 944 1589 Cap.
975 1473 1026 1564 V.

533 1642 648 1720 De
721 1643 1336 1745 Auspiciis.
1415 1651 1419 1660 ’

201 1787 246 1880 1)
272 1783 416 1864 Urbem
455 1789 623 1864 Romam
659 1785 840 1886 auspiciis
867 1786 1086 1884 conditam,
1122 1807 1274 1867 certum
1309 1807 1376 1870 est.
1408 1793 1566 1890 'ltaque
1593 1796 1738 1872 Remus

119 1907 235 2005 prior
261 1924 326 1983 sent
352 1913 521 1985 vultures
558 1910 796 2008 auspicatus,
834 1924 965 2009 postea
991 1911 1179 1988 Romulus
1215 1915 1436 2011 duodecim,
1472 1918 1594 2017 potior
1619 1921 1741 1996 Remo

96 2033 220 2126 *fuit3
249 2031 346 2129 quod
371 2036 515 2108 Remus
542 2031 734 2132 prioribus
761 2031 943 2132 auspiciis
969 2033 1183 2131 niteretur,
1209 2037 1396 2115 Romulus
1422 2037 1596 2137 pluribus
1624 2045 1671 2135 ὅ).

207 2181 251 2272 2)
277 2177 324 2254 L.
354 2175 586 2275 Tarquinius
620 2205 689 2252 rex
715 2201 808 2252 cum
845 2175 1029 2253 centuriis
1057 2206 1079 2255 a
1106 2180 1270 2256 Romulo
1296 2169 1524 2258 constitutis
1542 2185 1636 2260 alias
1663 2185 1742 2260 adi·

119 2325 213 2376 cere
240 2301 474 2400 disponeret,
507 2301 636 2377 Attius
661 2299 803 2376 Navius
829 2325 953 2402 augur
979 2299 1093 2397 dixit,
1128 2303 1234 2402 prius
1264 2304 1351 2380 deos
1378 2305 1526 2380 consuli
1554 2321 1756 2404 oportere.-

117 2427 206 2500 Rex
232 2424 343 2500 iussit
365 2421 574 2517 sciscitari,
601 2449 697 2498 num
714 2422 812 2518 quod
838 2421 880 2494 in
902 2422 1039 2498 animo.
1058 2424 1218 2532 haberet
1237 2424 1324 2501 fieri
1350 2443 1486 2525 posset.
1512 2481 1513 2486 ,
1539 2431 1625 2504 Post
1651 2455 1738 2506 con·

120 2547 390 2640 sultationem,
417 2571 524 2644 posse
549 2545 754 2643 respondit.
808 2546 1021 2643 Novacula,
1048 2547 1174 2644 inquit
1199 2549 1451 2646 Tarquinius,
1477 2563 1603 2625 cotem
1630 2552 1730 2626 scin-

112 2659 213 2760 dere
237 2671 335 2744 volo.
386 2669 449 2746 Nil
476 2669 688 2744 concitatus
713 2685 843 2769 augur
862 2667 987 2745 scidit.
1011 2667 1014 2674 ⁴
1040 2671 1142 2746 Exin
1176 2696 1321 2772 magna
1349 2673 1439 2748 fides
1466 2687 1503 2748 et
1530 2676 1737 2751 auctoritas

119 2795 275 2868 Romae
287 2815 478 2894 augurum
500 2791 656 2866 mansit.
696 2791 819 2865 Navio
835 2813 926 2906 eum
937 2791 1021 2870 cote
1041 2807 1080 2868 et
1096 2795 1283 2868 novacula
1300 2796 1508 2871 constituta
1524 2811 1581 2871 est
1599 2813 1735 2876 statua.

196 2939 241 3030 3)
266 2935 444 3014 Tiberius
466 2935 505 3026 b)
531 2931 733 3012 Gracchus
758 2935 1000 3014 tribunatum
1027 2935 1252 3035 adepturus,
1278 2937 1488 3036 pullarium
1515 2938 1622 3014 domi
1648 2965 1736 3016 con-

121 3057 261 3150 suluit,
298 3057 344 3133 ab
379 3082 497 3152 eoque
524 3059 582 3132 ire
608 3057 649 3132 in
675 3083 861 3157 campum
887 3059 1100 3159 prohibitus
1127 3073 1195 3134 est.
1257 3059 1333 3135 Sed
1358 3083 1450 3134 cum
1485 3063 1734 3158 pertinaciter

18 3245 24 3271 ,
120 3196 313 3283 pergeret,
339 3179 396 3254 sic
411 3179 523 3256 illisit
549 3204 640 3254 mox
667 3197 775 3256 extra
801 3181 959 3260 ianuam
978 3181 1128 3280 pedem,
1154 3195 1197 3256 ut
1222 3180 1303 3256 eius
1326 3182 1566 3258 excideretur
1592 3187 1734 3272 articu-

116 3307 189 3382 lus
241 3303 393 3380 Deinde
417 3317 496 3378 tres
523 3301 629 3377 corvi
664 3303 923 3401 prodeunti
889 3330 926 3378 et
952 3327 1045 3378 cum
1070 3302 1228 3378 vocibus
1256 3301 1424 3378 adversis
1449 3304 1730 3402 involaverunt,

118 3446 159 3506 et
184 3441 488 3530 compugnantes
527 3428 701 3528 tegulam
729 3421 816 3501 an'te
843 3425 1014 3524 pedes
981 3451 1062 3500 eius
1097 3423 1329 3500 deiecerunt.
1389 3423 1602 3524 Cumque
1591 3458 1633 3504 un
1658 3429 1732 3508 Ca-

108 3555 245 3654 pitolio
272 3553 499 3644 consuleret,
529 3547 704 3660 {similia
730 3526 902 3648 auspicia
925 3547 1071 3622 habuit.
1112 3543 1212 3623 Male
1238 3547 1360 3650 igitur
1383 3550 1583 3627 tribunatu
1608 3569 1815 3660 gesto,pag.
1828 3579 1880 3642 uo,

114 3678 264 3752 occisus
289 3692 364 3752 est.
399 3674 626 3773 aScipione
653 3673 790 3748 Nasica
822 3672 949 3772 primo
983 3671 1082 3746 ictus
1104 3661 1335 3771 lragmento
1369 3670 1561 3766 subsellii,
1598 3681 1727 3773 postea

109 3805 242 3894 clava,
275 3798 475 3896 expiravit.
510 3804 544 3884 ι)
571 3795 721 3896 Corpus
745 3796 826 3872 eius
857 3793 1037 3870 cumbis
1064 3793 1129 3890 qui
1163 3793 1307 3891 pariter
1334 3795 1452 3871 occisi
1479 3813 1610 3895 eraut,
1646 3802 1724 3882 Lu·

110 3923 254 3998 cretius
280 3921 414 3998 aedilis
440 3919 541 4018 plebi
557 3908 815 3996 inhumatum
835 3917 885 3994 ¹in
910 3915 1216 3998 Tiberim-abici
1241 3915 1364 3992 iussit.

153 4135 188 4214 a)
211 4137 307 4227 Paris
328 4136 470 4201 Cerco

143 4241 179 4318 2)
203 4218 315 4324 Μιιῐῑο
337 4231 544 4302 contractius
563 4235 628 4298 ltoe
648 4243 699 4297 est
716 4198 941 4315 exenip'listn'
930 4250 964 4295 ιιι
986 4225 1119 4297 Valerii
1140 4227 1354 4294 editionibus.

144 4343 180 4422 8)
202 4341 298 4407 Non
305 4351 397 4405 extat
417 4341 481 4402 hoc
503 4338 721 4420 exemplnm'
711 4358 746 4398 ιιι
769 4337 900 4400 Valerii
921 4321 1134 4399 editionibus.

139 4445 177 4523 1)
200 4445 414 4527 Subsequens
434 4442 576 4525 exenupli
597 4459 674 4523 pars
696 4441 830 4504 abacta
861 4436 938 4504 Vel.
960 4437 1035 4504 edd.

146 4547 185 4627 b)
207 4547 289 4612 Cod.
311 4547 388 4610 heic
409 4553 442 4607 et
471 4543 649 4625 aliquoties
670 4543 750 4606 alibi
772 4543 915 4620 Titus,
945 4543 1024 4623 quia
1045 4539 1173 4604 scilicet
1193 4535 1355 4616 librarius
1380 4544 1547 4608 nocentior
1568 4551 1750 4634 majesta..

209 4633 261 4719 pit
282 4629 409 4696 Titus
430 4629 607 4708 antiquum
628 4623 863 4706 compendium
880 4583 965 4690 Τίι·
980 4641 1051 4705 qno
1068 4609 1280 4769 sigttiliupur
1301 4621 1514 4692 Tiberius.
