4320 5606
1169 365 1249 458 mn

470 605 518 696 4)
545 533 814 708 8411444444
840 602 1035 686 Samnites
1061 623 1210 706 gerens
1222 595 1393 688 bellum,
1423 594 1527 680 14444
1551 589 1865 674 conmeantum
1885 589 1935 673 44
1947 591 2006 672 ι1·

402 726 569 805 nistram
594 747 860 833 serpentem
838 729 947 860 vidit.
997 729 1100 806 llos
1108 721 1335 812 adhortante
1350 708 1558 806 Postumio
1578 715 1812 898 haruspice,
1829 712 2013 820 naeuus

402 854 642 932 excercitum
669 845 875 942 4441414.
964 934 968 944 ‚
1035 901 1048 922 .·
1128 881 1129 886 ¹
1627 893 1631 906 ·

339 1006 345 1022 '
476 1005 523 1093 5)
548 975 773 1108 Β44144444
798 1009 946 1085 Romae
970 997 1127 1094 est,1n
1151 999 1365 1080 Volumnio
1388 1013 1429 1077 et
1452 999 1589 1105 Servio
1613 997 1788 1102 Sulpicio
1812 1017 1982 1075 conss

429 1157 523 1244 Ι6)
549 1149 696 1260 Carnes
721 1153 841 1229 etiam
860 1151 966 1227 caelo
985 1149 1113 1247 lapsae
1136 1157 1252 1237 sunt,¹
1272 1166 1436 1241 quarum
1453 1151 1557 1245 pars
1569 1136 1774 1222 abatibus
1799 1127 2014 1246 intercepta

404 1288 482 1368 est,
508 1301 597 1372 pars
622 1275 845 1375 incorrupta
870 1275 935 1352 diu
961 1271 1094 1349 iacuit.
1147 1268 1229 1366 Quo
1251 1283 1357 1344 anno
1372 1268 1521 1374 gravia
1545 1267 1656 1346 fisere
1679 1259 1856 1343 helle.

479 1419 524 1515 7)
559 1419 706 1494 Item
693 1445 735 1493 m
769 1416 941 1514 sequenti
972 1413 1163 1508 tumultu,
1194 1407 1324 1488 infans
1357 1436 1426 1489 sex
1453 1412 1653 1524 mensium
1685 1411 1728 1490 in
1740 1379 1894 1488 1444414
1929 1409 2016 1489 foro

401 1541 647 1654 triumphum
673 1541 860 1620 clamavit
885 1538 1113 1637 quievitque.
1153 1537 1267 1612 'l'um
1294 1533 1429 1612 infan's
1449 1504 1677 1612 alternatus
1703 1537 1761 1612 e'st
1785 1535 1910 1636 444144
1940 1534 2016 1608 ele-

400 1649 783 1765 phontino.1mhra
805 1662 959 1740 saxatili
984 1661 1122 1759 picena
1146 1657 1256 1759 regia
1276 1657 1489 1736 verberata.
1532 1659 1586 1735 14
1599 1657 1730 1739 Gallia
1749 1653 1895 1737 eisdem
1915 1673 2015 1738 tem·

402 1787 559 1888 poribus
584 1789 694 1887 lupus
721 1785 910 1890 evagina
935 1783 1110 1888 gladium
1137 1781 1299 1858 sustulit
1313 1764 1439 1886 vigili.
1483 1785 1592 1860 Tunc
1618 1797 1664 1859 et
1681 1782 1913 1902 sanguinem
1937 1775 2015 1858 444

402 1925 513 1986 scuta
538 1911 579 1985 in
606 1889 789 1987 Sardinia
819 1908 1018 1984 sudarunt.
1077 1905 1206 2004 Apud
1215 1905 1380 1980 Antium
1406 1930 1552 2002 quoque
1586 1927 1776 1982 messores
1807 1907 2015 2009 sanguinu-

402 2031 517 2108 lentis
542 2032 659 2130 spicis
683 2031 895 2130 implevere
921 2027 1068 2121 corbes,
1095 2041 1134 2102 et
1158 2027 1310 2125 pluviae
1335 2023 1564 2104 deciderunt·
1584 2044 1777 2105 cruentae.
1829 2025 2012 2108 Cli-'Do

403 2153 511 2228 mitii
538 2163 573 2246 ⁹)
597 2151 790 2241 bochello
816 2151 956 2252 punico
980 2149 1145 2232 secundo
1170 2149 1317 2226 sonuit:
1343 2149 1558 2246 44444141,
1584 2153 1724 2252 Roma.
1950 2139 1953 2148 ’

241 2323 397 2408 pagam.
483 2299 529 2392 8)
555 2295 604 2374 G.
631 2294 847 2372 Flaminius
881 2295 1014 2370 consul
1043 2292 1128 2369 sine
1159 2293 1341 2394 auspiciis
1366 2309 1538 2390 creatus,
1572 2295 1903 2394 conllicturusque¹
1919 2321 2013 2373 cum

403 2418 622 2496 Hannibale
648 2419 695 2496 ad
721 2420 852 2502 lacum
878 2417 1175 2510 Trasimenum,
1201 2441 1293 2494 cum
1313 2441 1408 2514 equo
1434 2443 1501 2493 suo
1527 2419 1680 2504 cecidit.
1733 2421 1785 2526 Et
1801 2443 1903 2496 -cum
1930 2439 2015 2520 post

401 2539 475 2616 hoc
501 2566 616 2617 omen
641 2542 727 2639 rapi
752 2540 869 2644 signa
889 2541 1086 2633 iussisset,
1112 2541 1278 2616 convalli
1303 2565 1543 2637 nequaquam
1570 2557 1784 2640 potuerunt.
1836 2535 2013 2640 Denique

402 2662 567 2740 effodere
594 2689 640 2739 aa
663 2662 885 2760 imperavit.
926 2665 984 2736 Eo
1010 2663 1154 2761 proelio
1180 2687 1294 2738 caesa
1314 2665 1353 2758 ⁸)
1377 2678 1466 2738 sunt
1490 2667 1757 2739 Romanorum
1784 2664 2013 2759 4441411114

403 2802 513 2887 capta
539 2811 626 2879 sex;
651 2785 791 2880 reliqui
816 2783 1011 2886 fugerunt,
1038 2783 1151 2858 milia
1172 2785 1221 2858 Χ.
1248 2782 1329 2881 1444
1354 2785 1655 2862 consuloccisus
1681 2801 1758 2884 est,
1783 2811 1898 2886 quem
1914 2809 2011 2866 cum

403 2907 598 2984 Hannibal
623 2905 782 2980 humari
808 2905 1000 2998 iussisset,
1026 2931 1104 2982 non
1128 2919 1367 3005 repererunt.

478 3057 519 3140 9)
546 3050 748 3126 Mancinus
780 3050 913 3124 consul
945 3047 993 3124 ad
1025 3050 1256 3147 Hispaniam
1289 3050 1568 3144 directaneis,
1598 3046 1746 3126 hellam
1777 3065 1913 3128 contra
1936 3053 2012 3128 Nu-

403 3173 598 3252 mantinos
626 3187 793 3248 acturus.
846 3167 949 3246 Cum
977 3173 1139 3248 Lauinii
1164 3173 1459 3260 sacrificaturus¹
1477 3189 1596 3267 esset,
1630 3173 1763 3252 arrisit
1788 3197 1906 3251 cavea
1931 3175 2020 3274 pul-s

402 3299 522 3373 larius
549 3297 697 3394 pullos,
723 3294 788 3388 qui
814 3293 856 3368 in
882 3293 1024 3373 silvam
1051 3297 1317 3392 evolaverunt,
1353 3321 1425 3373 444
1450 3297 1596 3394 repenti
1620 3311 1710 3372 sunt
1734 3295 1808 3380 diu¹
1827 3298 2012 3374 moltum-

403 3442 475 3517 que
507 3417 680 3514 quaesiti.
740 3415 998 3518 Nauigaturus
1032 3417 1137 3498 idam
1171 3445 1192 3496 e
1224 3433 1336 3519 portu
1365 3419 1567 3510 Herculis,
1600 3417 1684 3492 sine
1717 3434 1874 3498 auctore
1905 3419 2011 3498 vocis

356 3624 358 3634 ,
403 3540 565 3618 audivit:
598 3536 777 3614 Mancino
809 3535 938 3612 mane.
1003 3523 1193 3638 Cumque
1210 3543 1396 3642 scapham
1428 3537 1734 3633 conscendisset,
1769 3539 2012 3622 immensum

402 3686 572 3766 anguem
601 3661 685 3736 illic
718 3659 928 3737 exhorruit.
992 3661 1134 3772 Tribus
1164 3663 1352 3774 prodigiis
1382 3663 1564 3752 nunciata
1590 3658 1679 3740 sunt
1712 3659 1885 3738 infelicia
1911 3659 2010 3754 tria3

401 3809 546 3886 pugna,
573 3781 727 3876 foedus,
753 3782 901 3859 diditio.

481 3929 548 4012 1⁰)
574 3923 753 4000 Tiberius
787 3905 991 4004 Gracchus
1023 3927 1120 4005 civis
1154 3929 1322 4031 optimus
1356 3951 1449 4004 cum
1483 3927 1614 4004 consul
1646 3947 1733 3998 rem
1768 3921 1980 4004 divinam
1967 3955 2009 4005 us

402 4045 574 4125 Lucanis
598 4045 763 4141 laceret,
787 4044 888 4124 bello
913 4049 1072 4160 punico,
1105 4051 1256 4155 gemini
1282 4067 1474 4165 serpentes
1502 4039 1635 4146 allapsi
1660 4059 1768 4140 sunt,
1802 4070 2016 4147 caesaeque

402 4167 587 4246 hostiae
574 4192 683 4242 secur
701 4167 963 4246 comederunt
1008 4173 1167 4276 Refugit
1190 4173 1304 4252 turba
1329 4174 1465 4250 territa
1490 4169 1748 4266 sacrificium.
1787 4167 1893 4266 Quod
1918 4198 2007 4250 cum

402 4315 537 4370 rursus
561 4288 771 4388 repetitum
796 4307 915 4384 esset,
928 4293 1046 4368 idem
1073 4297 1225 4374 accidit.
1267 4296 1397 4375 'lertio
1423 4317 1568 4392 quoque
1595 4315 1685 4366 curn
1713 4253 2009 4396 diligentissime

441 4485 477 4564 2)
498 4487 601 4552 Aliud
622 4505 722 4573 agens
743 4487 877 4554 414144
896 4490 1010 4558 Parid.
1033 4513 1067 4576 p.
1089 4489 1269 4620 16411444
1283 4483 1461 4604 Valerium
1481 4482 1522 4589 de
1542 4478 1605 4598 hoc
1625 4476 1779 4614 homine.

440 4599 710 4677 1104414444
