4320 5606
1192 325 1247 406 12

1091 425 1252 444 *q'fflfflw
1265 435 1276 442 ¹·
1289 435 1347 446 n·-

1114 559 1330 678 cap..t.

853 721 943 792 Da
1015 717 1634 822 Religionis..

459 977 465 986 Ι
503 889 545 980 1)
572 886 737 962 llomani
763 910 878 982 aequo
912 885 1036 962 armis
1061 911 1106 964 ac
1140 889 1262 964 sacris
1294 890 1485 966 studentes
1513 917 1565 972 -ex
1591 905 1745 978 senatus
1774 889 1953 964 consulto
1972 889 2046 962 de-

426 1029 514 1079 cem
530 1008 760 1104 optimatum
786 1007 930 1083 liberos
954 1009 1000 1082 ob
1020 1011 1229 1086 noscendas
1251 1013 1500 1114 haruspicum
1524 1012 1745 1112 disciplinas
1769 1010 1810 1086 in
1830 1012 2045 1086 Etruriam

428 1126 639 1240 miserunt3
665 1130 730 1228 qui
745 1145 798 1206 ut
822 1147 969 1208 ceteras
993 1157 1137 1230 quoque
1160 1135 1418 1212 caerimonias
1443 1133 1716 1230 Graecorum,
1735 1131 1972 1232 calliphanas
2008 1138 2050 1226 ι)

428 1265 631 1344 petierunt.

504 1390 548 1480 2)
573 1385 748 1464 Metellus
772 1391 943 1486 pontifex
969 1361 1167 1468 maximus
1191 1395 1433 1474 Postumium
1459 1367 1659 1475 consulem
1685 1395 1728 1471 in
1743 1391 1924 1470 Africam
1952 1413 2047 1486 pro·

427 1507 622 1584 facturum
649 1511 719 1588 sub
745 1511 1031 1588 denuntiatione
1057 1517 1202 1592 multae
1219 1521 1428 1614 continuit}
1453 1547 1500 1598 eo
1523 1519 1623 1618 quod
1646 1533 1746 1595 esset
1770 1512 1903 1593 oonsul
1928 1509 2045 1586 idem

427 1627 645 1726 flamenque
671 1635 886 1710 martialis:
919 1651 962 1711 ut
994 1638 1172 1716 videlieet
1197 1643 1326 1742 priore
1358 1643 1567 1722 haberetur
1597 1643 1681 1720 loco
1715 1637 1893 1720 sacerdos
1918 1655 2044 1731 quam

429 1755 582 1845 consul,
608 1779 670 1830 res
696 1780 808 1832 sacra
835 1783 951 1854 quam
977 1755 1155 1837 victoria.
1515 1761 1518 1768 ’

504 1891 549 1982 3)
576 1885 698 1964 Gaius
723 1891 939 1968 Flaminius
966 1894 1127 1970 adverso
1151 1897 1282 1972 omine
1308 1899 1499 2001 magister
1521 1891 1695 1997 equitum
1721 1921 1803 1974 esso
1827 1890 1960 1970 uoluit.

505 2028 551 2115 t)
577 2025 783 2123 Syracusis
801 2051 893 2101 cum
911 2026 1097 2106 Clastidio
1123 2033 1243 2132 captis
1259 2035 1309 2108 Μ.
1326 2035 1531 2110 Marcellus
1556 2035 1756 2132 quinquies
1773 2029 1919 2122 consul,
1945 2047 2042 2100 cum

431 2169 477 2217 ex
502 2159 591 2218 voto
618 2146 753 2220 aedem
783 2151 941 2226 Honori
956 2168 995 2228 et
1012 2154 1158 2232 Virtuti
1183 2169 1440 2250 construeret,
1466 2181 1489 2231 a
1514 2156 1676 2258 collegio
1702 2153 1929 2254 pontificum
1957 2177 2047 2246 pro-

431 2265 576 2342 hibitus
599 2284 655 2344 est
673 2269 819 2347 duobus
836 2275 1061 2352 numinibus
1078 2303 1200 2354 unum
1217 2278 1421 2356 delubrum
1448 2277 1598 2354 dicare:
1624 2304 1689 2374 ne,
1711 2303 1790 2353 uno
1804 2269 2045 2351 contumelia

434 2391 725 2488 praetermisso,
752 2395 865 2471 alteri
889 2399 1197 2478 sacrificaretur:
1225 2417 1291 2478 aut
1316 2401 1349 2478 si
1377 2401 1474 2498 quod
1501 2399 1703 2478 accidisset
1727 2397 1970 2500 prodigium,
1999 2393 2049 2470 de

433 2513 615 2612 placando
643 2525 739 2592 e'sset
765 2517 946 2596 incertus.
1003 2525 1209 2600 Marcellus
1237 2526 1348 2624 duplo
1374 2541 1529 2622 sumptu
1555 2525 1628 2598 duo
1653 2523 1799 2622 templa
1833 2514 2046 2595 constituit.

384 2703 388 2712 ,
507 2651 553 2740 5)
585 2649 633 2722 L.
660 2651 800 2727 Furius
834 2653 1038 2730 bibaculus
1074 2675 1228 2756 praetor
1263 2685 1286 2732 a
1319 2675 1426 2756 patre
1462 2657 1650 2760 magistro
1686 2657 1882 2733 Saliorum
1919 2652 2048 2726 iussus

434 2770 575 2845 ancilia
600 2771 708 2846 tulit:
739 2798 833 2848 cum
858 2775 899 2850 id
923 2779 1092 2875 praetori
1124 2803 1279 2854 necesse
1305 2803 1380 2852 non
1408 2793 1521 2852 esset„
1577 2777 1652 2854 Sed
1676 2793 1811 2854 tamen
1836 2773 2047 2850 Bibaculus

435 2894 537 2992 patri
562 2895 747 2971 et'sacris
773 2897 913 2996 paruit.
1089 2995 1099 3014 ,

512 3043 556 3133 6)
588 3041 641 3114 Μ.
672 3041 816 3118 Atilius
848 3046 892 3137 a)
923 3041 1108 3118 duumvir
1138 3042 1242 3118 iussu
1278 3041 1479 3138 Tarquinii
1511 3041 1616 3145 regis
1649 3043 1756 3156 culeo
1792 3039 1942 3118 insutus
1977 3055 2050 3129 est,

438 3165 535 3260 quod
560 3163 706 3238 librum
733 3164 952 3240 occultioris
978 3167 1080 3240 sacri
1098 3164 1392 3240 describendum
1418 3157 1709 3260 subtractume
1736 3165 1858 3268 regiis
1882 3161 2043 3240 seeretis

440 3284 678 3384 prodidisset.

515 3422 561 3515 7)
586 3418 779 3498 Gracchis
802 3445 927 3520 remp.
945 3420 1192 3515 vexantibus,
1215 3438 1413 3522 repertum
1430 3421 1473 3497 iu
1497 3422 1690 3523 sibyllinis
1705 3423 1816 3497 libris
1832 3419 2050 3515 antiquissi·
2146 3501 2148 3510 Α

443 3565 554 3616 mam
570 3539 757 3619 Cererem
782 3544 1022 3642 placandam.
1076 3548 1183 3622 Tunc
1209 3545 1431 3642 quindecim
1456 3544 1534 3618 riri
1553 3549 1732 3621 Hennam
1760 3543 1921 3642 profecti
1947 3559 2048 3618 sunt.
2146 3587 2151 3628 t

442 3665 480 3740 ls
515 3664 622 3740 enim
653 3667 761 3742 locus
784 3691 811 3742 a
838 3665 992 3769 virgine
1025 3669 1149 3744 cultus
1180 3682 1347 3767 putatur.
1408 3668 1460 3742 Et
1494 3669 1579 3744 Dea
1609 3665 1811 3742 sacrificiis
1844 3665 2052 3764 propitiata

446 3783 716 3867 Gracchorum
743 3789 847 3864 exitu
872 3803 1039 3886 putatur.

520 3928 565 4024 8)
591 3925 767 4040 ‘liberius
785 3923 986 4002 Gracchus
1002 3925 1050 4002 ad
1066 3897 1259 4028 augurum
1287 3923 1495 4027 collegium
1514 3951 1536 3996 e
1552 3917 1750 4022 provincia
1773 3919 1929 4018 scripsit
1946 3945 2049 3996 com·

448 4051 591 4151 perisse
616 4074 656 4125 se
682 4049 856 4126 consules
888 4075 967 4125 non
999 4048 1191 4147 auspicato
1216 4063 1378 4124 creatos.
1439 4047 1615 4132 Recitata
1640 4041 1681 4116 in
1716 4047 1859 4117 senatu
1878 4042 2049 4142 epistula,
2102 4137 2109 4149 ἢ

487 4245 521 4326 1)
545 4245 596 4308 lta
616 4241 689 4308 cod.
712 4262 811 4326 quam
831 4243 1008 4308 lectionem
1025 4243 1331 4323 immutarenotn13
1353 4259 1562 4326 quamquam-
1574 4237 1757 4322 Nepotiani
1775 4235 1880 4300 codex
1896 4235 2051 4299 meudose
2138 4230 2151 4282 'l

548 4322 729 4393 admodum
750 4325 792 4386 ab
812 4325 983 4389 inerudito
1004 4325 1145 4387 libratio
1170 4327 1314 4406 scriptus
1336 4335 1405 4402 est;
1433 4325 1479 4384 ita
1501 4331 1540 4384 ut
1561 4322 1680 4382 multas
1702 4321 1824 4401 passim
1852 4319 2011 4382 lectiones
2033 4338 2051 4378 a

552 4425 607 4469 me
627 4403 798 4470 emendari
819 4423 956 4468 neeesse
974 4407 1098 4484 fuerim
1127 4425 1168 4468 no
1190 4405 1368 4486 adscriptis
1389 4403 1522 4486 quidem
1543 4403 1759 4484 plerumque,
1788 4411 1826 4464 ut
1847 4401 1930 4462 alies
1950 4401 2051 4478 soleo,

551 4486 679 4550 mendis
700 4489 735 4548 in
758 4485 912 4566 scholiis,
934 4497 1074 4568 propter
1095 4485 1352 4549 multitudinem
1366 4495 1399 4547 et
1420 4481 1666 4546 intolerabilem
1688 4481 1938 4548 absurditatem.

475 4601 524 4681 ἰ)
547 4603 667 4668 Lectio
688 4601 848 4669 Atilius
868 4623 931 4690 pro
953 4603 1149 4684 Tullius,
1170 4581 1332 4666 consonat
1354 4620 1430 4664 cum
1452 4599 1615 4682 Dionysio
1637 4597 1734 4661 balic.
