<?xml version="1.0" encoding="UTF-8"?>
<!DOCTYPE html PUBLIC "-//W3C//DTD XHTML 1.0 Transitional//EN"
    "http://www.w3.org/TR/xhtml1/DTD/xhtml1-transitional.dtd">
<html xmlns="http://www.w3.org/1999/xhtml" xml:lang="en" lang="en">
 <head>
  <title>
</title>
<meta http-equiv="Content-Type" content="text/html;charset=utf-8" />
  <meta name='ocr-system' content='tesseract 3.04.00' />
  <meta name='ocr-capabilities' content='ocr_page ocr_carea ocr_par ocr_line ocrx_word'/>
</head>
<body>
  <div class='ocr_page' id='page_1' title='image "./epitomalibrorum00parigoog_0027.png"; bbox 0 0 4320 5606; ppageno 0'>
   <div class='ocr_carea' id='block_1_1' title="bbox 1197 303 1256 384">
    <p class='ocr_par' dir='ltr' id='par_1_1' title="bbox 1197 303 1256 384">
     <span class='ocr_line' id='line_1_1' title="bbox 1197 303 1256 384; baseline 0.034 -2"><span class='ocrx_word' id='word_1_1' title='bbox 1197 303 1256 384; x_wconf 76' lang='lat'><strong>16</strong></span> 
     </span>
    </p>
   </div>
   <div class='ocr_carea' id='block_1_2' title="bbox 414 543 2159 1024">
    <p class='ocr_par' dir='ltr' id='par_1_2' title="bbox 415 543 2157 770">
     <span class='ocr_line' id='line_1_2' title="bbox 493 543 2157 665; baseline 0.001 -40"><span class='ocrx_word' id='word_1_2' title='bbox 493 549 539 643; x_wconf 79' lang='grc'><strong>7)</strong></span> <span class='ocrx_word' id='word_1_3' title='bbox 564 549 719 624; x_wconf 84' lang='lat' dir='ltr'><strong>Phidias</strong></span> <span class='ocrx_word' id='word_1_4' title='bbox 742 549 891 624; x_wconf 87' lang='lat' dir='ltr'><strong>ibidem</strong></span> <span class='ocrx_word' id='word_1_5' title='bbox 915 545 1230 643; x_wconf 85' lang='lat' dir='ltr'><strong>eborisscalptor</strong></span> <span class='ocrx_word' id='word_1_6' title='bbox 1256 543 1333 638; x_wconf 85' lang='lat' dir='ltr'><strong>eit,</strong></span> <span class='ocrx_word' id='word_1_7' title='bbox 1359 565 1515 652; x_wconf 87' lang='lat' dir='ltr'><strong>sumptu</strong></span> <span class='ocrx_word' id='word_1_8' title='bbox 1535 551 1687 626; x_wconf 83' lang='lat' dir='ltr'><strong>minore</strong></span> <span class='ocrx_word' id='word_1_9' title='bbox 1713 565 1915 628; x_wconf 82' lang='lat' dir='ltr'><strong>marmore</strong></span> <span class='ocrx_word' id='word_1_10' title='bbox 1934 553 2043 634; x_wconf 76' lang='lat' dir='ltr'><strong>inon-</strong></span> <span class='ocrx_word' id='word_1_11' title='bbox 2151 562 2157 665; x_wconf 59' lang='lat' dir='ltr'><strong>l</strong></span> 
     </span>
     <span class='ocr_line' id='line_1_3' title="bbox 415 665 2157 770; baseline 0 -22"><span class='ocrx_word' id='word_1_12' title='bbox 415 699 503 770; x_wconf 84' lang='lat' dir='ltr'><strong>pere</strong></span> <span class='ocrx_word' id='word_1_13' title='bbox 526 675 564 767; x_wconf 69' lang='grc' dir='ltr'><strong>ο)</strong></span> <span class='ocrx_word' id='word_1_14' title='bbox 590 673 664 748; x_wconf 89' lang='lat' dir='ltr'><strong>diis</strong></span> <span class='ocrx_word' id='word_1_15' title='bbox 680 673 891 748; x_wconf 76' lang='lat' dir='ltr'><strong>simulacra</strong></span> <span class='ocrx_word' id='word_1_16' title='bbox 907 669 1015 759; x_wconf 83' lang='lat' dir='ltr'><strong>fieri,</strong></span> <span class='ocrx_word' id='word_1_17' title='bbox 1042 666 1140 763; x_wconf 89' lang='lat' dir='ltr'><strong>quod</strong></span> <span class='ocrx_word' id='word_1_18' title='bbox 1157 665 1231 764; x_wconf 86' lang='lat' dir='ltr'><strong>ipsi</strong></span> <span class='ocrx_word' id='word_1_19' title='bbox 1248 665 1343 742; x_wconf 85' lang='lat' dir='ltr'><strong>irati</strong></span> <span class='ocrx_word' id='word_1_20' title='bbox 1358 695 1406 744; x_wconf 84' lang='lat' dir='ltr'><strong>ex</strong></span> <span class='ocrx_word' id='word_1_21' title='bbox 1427 671 1540 746; x_wconf 83' lang='lat' dir='ltr'><strong>ebore</strong></span> <span class='ocrx_word' id='word_1_22' title='bbox 1559 671 2036 752; x_wconf 72' lang='lat' dir='ltr'><strong>Atheniensis-iusseram·-</strong></span> <span class='ocrx_word' id='word_1_23' title='bbox 2149 707 2157 770; x_wconf 65' lang='lat' dir='ltr'><strong>p</strong></span> 
     </span>
    </p>

    <p class='ocr_par' dir='ltr' id='par_1_3' title="bbox 414 790 2159 1024">
     <span class='ocr_line' id='line_1_4' title="bbox 488 790 2159 894; baseline 0.001 -23"><span class='ocrx_word' id='word_1_24' title='bbox 488 799 540 887; x_wconf 85' lang='lat'><strong>8)</strong></span> <span class='ocrx_word' id='word_1_25' title='bbox 558 794 671 893; x_wconf 82' lang='lat' dir='ltr'><strong>Apud</strong></span> <span class='ocrx_word' id='word_1_26' title='bbox 695 794 849 872; x_wconf 86' lang='lat' dir='ltr'><strong>eosdem</strong></span> <span class='ocrx_word' id='word_1_27' title='bbox 874 790 1113 883; x_wconf 87' lang='lat' dir='ltr'><strong>Diomedon,</strong></span> <span class='ocrx_word' id='word_1_28' title='bbox 1141 815 1238 866; x_wconf 86' lang='lat' dir='ltr'><strong>unus</strong></span> <span class='ocrx_word' id='word_1_29' title='bbox 1257 791 1310 864; x_wconf 89' lang='lat' dir='ltr'><strong>de</strong></span> <span class='ocrx_word' id='word_1_30' title='bbox 1339 791 1472 870; x_wconf 80' lang='lat' dir='ltr'><strong>decem</strong></span> <span class='ocrx_word' id='word_1_31' title='bbox 1500 795 1685 888; x_wconf 77' lang='lat' dir='ltr'><strong>ducibus,</strong></span> <span class='ocrx_word' id='word_1_32' title='bbox 1723 821 1814 872; x_wconf 90' lang='lat' dir='ltr'><strong>oum</strong></span> <span class='ocrx_word' id='word_1_33' title='bbox 1843 801 2039 894; x_wconf 63' lang='lat' dir='ltr'><strong>post&#39;uie⁴</strong></span> <span class='ocrx_word' id='word_1_34' title='bbox 2156 819 2159 889; x_wconf 75' lang='lat' dir='ltr'><strong>t</strong></span> 
     </span>
     <span class='ocr_line' id='line_1_5' title="bbox 414 915 2045 1024; baseline 0.002 -36"><span class='ocrx_word' id='word_1_35' title='bbox 414 918 557 990; x_wconf 84' lang='lat' dir='ltr'><strong>toriem</strong></span> <span class='ocrx_word' id='word_1_36' title='bbox 585 915 635 989; x_wconf 85' lang='lat' dir='ltr'><strong>ad</strong></span> <span class='ocrx_word' id='word_1_37' title='bbox 656 915 891 1014; x_wconf 80' lang='lat' dir='ltr'><strong>supplicium</strong></span> <span class='ocrx_word' id='word_1_38' title='bbox 919 931 1097 1020; x_wconf 81' lang='lat' dir='ltr'><strong>pergeret</strong></span> <span class='ocrx_word' id='word_1_39' title='bbox 1106 969 1129 1009; x_wconf 89' lang='lat'><strong>,.</strong></span> <span class='ocrx_word' id='word_1_40' title='bbox 1145 915 1298 1016; x_wconf 83' lang='lat' dir='ltr'><strong>rogarit</strong></span> <span class='ocrx_word' id='word_1_41' title='bbox 1323 931 1365 992; x_wconf 86' lang='lat' dir='ltr'><strong>ut</strong></span> <span class='ocrx_word' id='word_1_42' title='bbox 1393 933 1610 1018; x_wconf 83' lang='lat' dir='ltr'><strong>nuncupata</strong></span> <span class='ocrx_word' id='word_1_43' title='bbox 1635 935 1723 994; x_wconf 83' lang='lat' dir='ltr'><strong>vota</strong></span> <span class='ocrx_word' id='word_1_44' title='bbox 1748 945 1815 1018; x_wconf 89' lang='lat' dir='ltr'><strong>pro</strong></span> <span class='ocrx_word' id='word_1_45' title='bbox 1838 921 2045 1024; x_wconf 72' lang='lat' dir='ltr'><strong>excercitu</strong></span> 
     </span>
    </p>
   </div>
   <div class='ocr_carea' id='block_1_3' title="bbox 417 1023 1763 1388">
    <p class='ocr_par' dir='ltr' id='par_1_4' title="bbox 417 1023 1763 1388">
     <span class='ocr_line' id='line_1_6' title="bbox 417 1023 682 1113; baseline 0.004 -2"><span class='ocrx_word' id='word_1_46' title='bbox 417 1023 682 1113; x_wconf 74' lang='lat' dir='ltr'><strong>solverentur.-</strong></span> 
     </span>
     <span class='ocr_line' id='line_1_7' title="bbox 1090 1131 1331 1250; baseline -0.021 -29"><span class='ocrx_word' id='word_1_47' title='bbox 1090 1131 1194 1250; x_wconf 85' lang='lat' dir='ltr'><strong>Cup.</strong></span> <span class='ocrx_word' id='word_1_48' title='bbox 1254 1133 1331 1218; x_wconf 87' lang='lat' dir='ltr'><strong>Ill.</strong></span> 
     </span>
     <span class='ocr_line' id='line_1_8' title="bbox 707 1283 1763 1388; baseline 0.004 -29"><span class='ocrx_word' id='word_1_49' title='bbox 707 1289 813 1388; x_wconf 83' lang='lat' dir='ltr'><strong>Qui</strong></span> <span class='ocrx_word' id='word_1_50' title='bbox 862 1283 1243 1386; x_wconf 70' lang='lat' dir='ltr'><strong><em>Religionem</em></strong></span> <span class='ocrx_word' id='word_1_51' title='bbox 1295 1291 1763 1366; x_wconf 72' lang='lat' dir='ltr'><strong>simulaverunt.</strong></span> 
     </span>
    </p>
   </div>
   <div class='ocr_carea' id='block_1_4' title="bbox 298 1431 2158 3132">
    <p class='ocr_par' dir='ltr' id='par_1_5' title="bbox 414 1431 2043 1902">
     <span class='ocr_line' id='line_1_9' title="bbox 492 1431 2032 1531; baseline 0.001 -19"><span class='ocrx_word' id='word_1_52' title='bbox 492 1441 535 1530; x_wconf 94' lang='grc'><strong>1)</strong></span> <span class='ocrx_word' id='word_1_53' title='bbox 559 1437 686 1510; x_wconf 83' lang='lat' dir='ltr'><strong>Numa</strong></span> <span class='ocrx_word' id='word_1_54' title='bbox 719 1431 930 1531; x_wconf 82' lang='lat' dir='ltr'>Pompilius</span> <span class='ocrx_word' id='word_1_55' title='bbox 962 1455 1053 1507; x_wconf 87' lang='lat' dir='ltr'><strong>oum</strong></span> <span class='ocrx_word' id='word_1_56' title='bbox 1087 1431 1262 1510; x_wconf 85' lang='lat' dir='ltr'><strong>efferatos</strong></span> <span class='ocrx_word' id='word_1_57' title='bbox 1294 1433 1455 1512; x_wconf 77' lang='lat' dir='ltr'><strong>assiduis</strong></span> <span class='ocrx_word' id='word_1_58' title='bbox 1487 1435 1599 1512; x_wconf 85' lang='lat' dir='ltr'><strong>bellis</strong></span> <span class='ocrx_word' id='word_1_59' title='bbox 1628 1437 1824 1512; x_wconf 85' lang='lat' dir='ltr'><strong>Romanos</strong></span> <span class='ocrx_word' id='word_1_60' title='bbox 1858 1441 2032 1514; x_wconf 89' lang='lat' dir='ltr'><strong>animad-</strong></span> 
     </span>
     <span class='ocr_line' id='line_1_10' title="bbox 414 1547 2043 1654; baseline 0.002 -23"><span class='ocrx_word' id='word_1_61' title='bbox 414 1573 593 1650; x_wconf 77' lang='lat' dir='ltr'><strong>verteret,</strong></span> <span class='ocrx_word' id='word_1_62' title='bbox 620 1556 749 1632; x_wconf 87' lang='lat' dir='ltr'><strong>docuit</strong></span> <span class='ocrx_word' id='word_1_63' title='bbox 776 1581 840 1630; x_wconf 87' lang='lat' dir='ltr'><strong>eos</strong></span> <span class='ocrx_word' id='word_1_64' title='bbox 866 1557 1014 1630; x_wconf 77' lang='lat' dir='ltr'><strong>sultu‘m</strong></span> <span class='ocrx_word' id='word_1_65' title='bbox 1044 1547 1217 1634; x_wconf 88' lang='lat' dir='ltr'><strong>deorum.</strong></span> <span class='ocrx_word' id='word_1_66' title='bbox 1262 1563 1397 1654; x_wconf 85' lang='lat' dir='ltr'><strong>Atque</strong></span> <span class='ocrx_word' id='word_1_67' title='bbox 1416 1557 1522 1634; x_wconf 85' lang='lat' dir='ltr'><strong>idem</strong></span> <span class='ocrx_word' id='word_1_68' title='bbox 1548 1571 1592 1634; x_wconf 90' lang='lat' dir='ltr'><strong>ut</strong></span> <span class='ocrx_word' id='word_1_69' title='bbox 1615 1557 1770 1635; x_wconf 80' lang='lat' dir='ltr'><strong>facilius</strong></span> <span class='ocrx_word' id='word_1_70' title='bbox 1797 1585 2043 1637; x_wconf 82' lang='lat' dir='ltr'><strong>mansuesce-</strong></span> 
     </span>
     <span class='ocr_line' id='line_1_11' title="bbox 414 1677 2035 1782; baseline 0.003 -30"><span class='ocrx_word' id='word_1_71' title='bbox 414 1697 522 1770; x_wconf 85' lang='lat' dir='ltr'><strong>rent,</strong></span> <span class='ocrx_word' id='word_1_72' title='bbox 549 1679 759 1779; x_wconf 78' lang='lat' dir='ltr'><strong>Aegeriam</strong></span> <span class='ocrx_word' id='word_1_73' title='bbox 786 1677 1003 1778; x_wconf 83' lang='lat' dir='ltr'><strong>nympham</strong></span> <span class='ocrx_word' id='word_1_74' title='bbox 1030 1680 1069 1753; x_wconf 88' lang='lat' dir='ltr'><strong>in</strong></span> <span class='ocrx_word' id='word_1_75' title='bbox 1090 1679 1360 1756; x_wconf 87' lang='lat' dir='ltr'><strong>consuetudine</strong></span> <span class='ocrx_word' id='word_1_76' title='bbox 1391 1705 1431 1756; x_wconf 90' lang='lat' dir='ltr'><strong>se</strong></span> <span class='ocrx_word' id='word_1_77' title='bbox 1454 1679 1601 1756; x_wconf 85' lang='lat' dir='ltr'><strong>hahere</strong></span> <span class='ocrx_word' id='word_1_78' title='bbox 1622 1683 1930 1782; x_wconf 82' lang='lat' dir='ltr'><strong>praeceptricem</strong></span> <span class='ocrx_word' id='word_1_79' title='bbox 1957 1683 2035 1758; x_wconf 88' lang='lat' dir='ltr'><strong>sibi</strong></span> 
     </span>
     <span class='ocr_line' id='line_1_12' title="bbox 415 1799 1626 1899; baseline 0 -21"><span class='ocrx_word' id='word_1_80' title='bbox 415 1803 623 1896; x_wconf 84' lang='lat' dir='ltr'><strong>confinxit,</strong></span> <span class='ocrx_word' id='word_1_81' title='bbox 649 1801 724 1898; x_wconf 74' lang='lat' dir='ltr'><strong>quo&#39;</strong></span> <span class='ocrx_word' id='word_1_82' title='bbox 748 1799 875 1875; x_wconf 89' lang='lat' dir='ltr'><strong>maior</strong></span> <span class='ocrx_word' id='word_1_83' title='bbox 902 1801 1000 1899; x_wconf 91' lang='lat' dir='ltr'><strong>apud</strong></span> <span class='ocrx_word' id='word_1_84' title='bbox 1027 1803 1173 1880; x_wconf 81' lang='lat' dir='ltr'><strong>feroces</strong></span> <span class='ocrx_word' id='word_1_85' title='bbox 1201 1819 1299 1881; x_wconf 89' lang='lat' dir='ltr'><strong>esset</strong></span> <span class='ocrx_word' id='word_1_86' title='bbox 1324 1803 1553 1880; x_wconf 84' lang='lat' dir='ltr'><strong>auotoritas.</strong></span> <span class='ocrx_word' id='word_1_87' title='bbox 1623 1824 1626 1832; x_wconf 85' lang='grc'><strong>’</strong></span> 
     </span>
    </p>

    <p class='ocr_par' dir='ltr' id='par_1_6' title="bbox 417 1909 2158 2274">
     <span class='ocr_line' id='line_1_13' title="bbox 491 1923 2158 2026; baseline -0.001 -25"><span class='ocrx_word' id='word_1_88' title='bbox 491 1929 535 2020; x_wconf 71' lang='lat'><strong>2)</strong></span> <span class='ocrx_word' id='word_1_89' title='bbox 561 1924 690 2023; x_wconf 77' lang='lat' dir='ltr'><strong>Scipio</strong></span> <span class='ocrx_word' id='word_1_90' title='bbox 711 1923 921 1999; x_wconf 81' lang='lat' dir='ltr'><strong>Africanus</strong></span> <span class='ocrx_word' id='word_1_91' title='bbox 948 1950 1066 2020; x_wconf 85' lang='lat' dir='ltr'><strong>neque</strong></span> <span class='ocrx_word' id='word_1_92' title='bbox 1093 1927 1246 2024; x_wconf 80' lang='lat' dir='ltr'><strong>publiea</strong></span> <span class='ocrx_word' id='word_1_93' title='bbox 1272 1951 1392 2024; x_wconf 87' lang='lat' dir='ltr'><strong>neque</strong></span> <span class='ocrx_word' id='word_1_94' title='bbox 1419 1924 1569 2024; x_wconf 86' lang='lat' dir='ltr'><strong>privata</strong></span> <span class='ocrx_word' id='word_1_95' title='bbox 1596 1927 1702 2026; x_wconf 84' lang='lat' dir='ltr'><strong>prius</strong></span> <span class='ocrx_word' id='word_1_96' title='bbox 1726 1949 1916 2024; x_wconf 84' lang='lat' dir='ltr'><strong>umquam</strong></span> <span class='ocrx_word' id='word_1_97' title='bbox 1942 1927 2034 2001; x_wconf 50' lang='lat' dir='ltr'><strong>atti*</strong></span> <span class='ocrx_word' id='word_1_98' title='bbox 2156 1941 2158 1988; x_wconf 78' lang='lat' dir='ltr'><strong>t</strong></span> 
     </span>
     <span class='ocr_line' id='line_1_14' title="bbox 417 2047 2037 2150; baseline 0.002 -30"><span class='ocrx_word' id='word_1_99' title='bbox 417 2049 474 2150; x_wconf 79' lang='lat' dir='ltr'><strong>git</strong></span> <span class='ocrx_word' id='word_1_100' title='bbox 500 2071 616 2142; x_wconf 89' lang='lat' dir='ltr'><strong>quam</strong></span> <span class='ocrx_word' id='word_1_101' title='bbox 643 2047 684 2120; x_wconf 90' lang='lat' dir='ltr'><strong>in</strong></span> <span class='ocrx_word' id='word_1_102' title='bbox 710 2048 807 2121; x_wconf 85' lang='lat' dir='ltr'><strong>cella</strong></span> <span class='ocrx_word' id='word_1_103' title='bbox 832 2047 937 2122; x_wconf 86' lang='lat' dir='ltr'><strong>Jovis</strong></span> <span class='ocrx_word' id='word_1_104' title='bbox 963 2049 1164 2148; x_wconf 81' lang='lat' dir='ltr'><strong>capitolini</strong></span> <span class='ocrx_word' id='word_1_105' title='bbox 1189 2049 1408 2128; x_wconf 84' lang='lat' dir='ltr'><strong>diutissime</strong></span> <span class='ocrx_word' id='word_1_106' title='bbox 1433 2064 1678 2144; x_wconf 84' lang='lat' dir='ltr'><strong>moraretur,</strong></span> <span class='ocrx_word' id='word_1_107' title='bbox 1715 2065 1804 2130; x_wconf 86' lang='lat' dir='ltr'><strong>aute</strong></span> <span class='ocrx_word' id='word_1_108' title='bbox 1830 2073 1947 2148; x_wconf 84' lang='lat' dir='ltr'><strong>quam</strong></span> <span class='ocrx_word' id='word_1_109' title='bbox 1976 2049 2037 2124; x_wconf 76' lang='lat' dir='ltr'><strong>t&#39;ti-</strong></span> 
     </span>
     <span class='ocr_line' id='line_1_15' title="bbox 418 2172 1499 2274; baseline -0.009 -28"><span class='ocrx_word' id='word_1_110' title='bbox 418 2172 593 2256; x_wconf 88' lang='lat' dir='ltr'><strong>deretur,</strong></span> <span class='ocrx_word' id='word_1_111' title='bbox 620 2193 643 2242; x_wconf 89' lang='lat' dir='ltr'><strong>a</strong></span> <span class='ocrx_word' id='word_1_112' title='bbox 668 2193 870 2264; x_wconf 86' lang='lat' dir='ltr'><strong>quoquam.</strong></span> <span class='ocrx_word' id='word_1_113' title='bbox 905 2261 907 2264; x_wconf 17' lang='grc'>,</span> <span class='ocrx_word' id='word_1_114' title='bbox 1496 2265 1499 2274; x_wconf 24' lang='lat'>¹</span> 
     </span>
    </p>

    <p class='ocr_par' dir='ltr' id='par_1_7' title="bbox 420 2283 2043 2636">
     <span class='ocr_line' id='line_1_16' title="bbox 493 2283 2039 2395; baseline 0 -27"><span class='ocrx_word' id='word_1_115' title='bbox 493 2297 538 2388; x_wconf 80' lang='grc'><strong>3)</strong></span> <span class='ocrx_word' id='word_1_116' title='bbox 564 2293 673 2393; x_wconf 84' lang='lat' dir='ltr'><strong>Sylla</strong></span> <span class='ocrx_word' id='word_1_117' title='bbox 696 2283 960 2390; x_wconf 79' lang='lat' dir='ltr'><strong>‘proeliaturus</strong></span> <span class='ocrx_word' id='word_1_118' title='bbox 987 2294 1245 2374; x_wconf 82' lang='lat' dir='ltr'><strong>simulacrum</strong></span> <span class='ocrx_word' id='word_1_119' title='bbox 1272 2291 1461 2395; x_wconf 79' lang='lat' dir='ltr'><strong>Apollinis</strong></span> <span class='ocrx_word' id='word_1_120' title='bbox 1494 2291 1656 2392; x_wconf 84' lang='lat' dir='ltr'><strong>Delphis</strong></span> <span class='ocrx_word' id='word_1_121' title='bbox 1681 2293 1865 2370; x_wconf 66' lang='lat' dir='ltr'><strong>vablatum</strong></span> <span class='ocrx_word' id='word_1_122' title='bbox 1892 2297 2039 2394; x_wconf 87' lang='lat' dir='ltr'><strong>suppli·</strong></span> 
     </span>
     <span class='ocr_line' id='line_1_17' title="bbox 420 2405 2043 2520; baseline 0 -30"><span class='ocrx_word' id='word_1_123' title='bbox 420 2419 518 2490; x_wconf 83' lang='lat' dir='ltr'><strong>citer</strong></span> <span class='ocrx_word' id='word_1_124' title='bbox 543 2415 678 2491; x_wconf 84' lang='lat' dir='ltr'><strong>orabat</strong></span> <span class='ocrx_word' id='word_1_125' title='bbox 704 2414 744 2490; x_wconf 93' lang='lat' dir='ltr'><strong>in</strong></span> <span class='ocrx_word' id='word_1_126' title='bbox 772 2431 975 2515; x_wconf 85' lang='lat' dir='ltr'><strong>conspectu</strong></span> <span class='ocrx_word' id='word_1_127' title='bbox 1003 2405 1176 2495; x_wconf 73' lang='lat' dir='ltr'><strong>militem</strong></span> <span class='ocrx_word' id='word_1_128' title='bbox 1205 2437 1244 2495; x_wconf 91' lang='lat' dir='ltr'><strong>ut</strong></span> <span class='ocrx_word' id='word_1_129' title='bbox 1270 2419 1459 2520; x_wconf 87' lang='lat' dir='ltr'><strong>promissa</strong></span> <span class='ocrx_word' id='word_1_130' title='bbox 1487 2433 1717 2516; x_wconf 79' lang='lat' dir='ltr'><strong>praestaret,</strong></span> <span class='ocrx_word' id='word_1_131' title='bbox 1768 2417 2043 2512; x_wconf 84' lang='lat' dir='ltr'><strong>videbaturque</strong></span> 
     </span>
     <span class='ocr_line' id='line_1_18' title="bbox 421 2541 836 2636; baseline -0.01 -20"><span class='ocrx_word' id='word_1_132' title='bbox 421 2543 521 2616; x_wconf 86' lang='lat' dir='ltr'><strong>mire</strong></span> <span class='ocrx_word' id='word_1_133' title='bbox 548 2543 613 2615; x_wconf 92' lang='lat' dir='ltr'><strong>illo</strong></span> <span class='ocrx_word' id='word_1_134' title='bbox 636 2545 676 2636; x_wconf 84' lang='lat' dir='ltr'><strong>d)</strong></span> <span class='ocrx_word' id='word_1_135' title='bbox 703 2541 836 2615; x_wconf 83' lang='lat' dir='ltr'><strong>fretus.</strong></span> 
     </span>
    </p>

    <p class='ocr_par' dir='ltr' id='par_1_8' title="bbox 496 2661 2039 2764">
     <span class='ocr_line' id='line_1_19' title="bbox 496 2661 2039 2764; baseline -0.006 -24"><span class='ocrx_word' id='word_1_136' title='bbox 496 2672 540 2759; x_wconf 83' lang='grc'><strong>4)</strong></span> <span class='ocrx_word' id='word_1_137' title='bbox 568 2667 712 2764; x_wconf 78' lang='lat' dir='ltr'><strong>Syram</strong></span> <span class='ocrx_word' id='word_1_138' title='bbox 747 2665 953 2738; x_wconf 84' lang='lat' dir='ltr'><strong>mulierem</strong></span> <span class='ocrx_word' id='word_1_139' title='bbox 980 2663 1125 2738; x_wconf 86' lang='lat' dir='ltr'><strong>Marius</strong></span> <span class='ocrx_word' id='word_1_140' title='bbox 1152 2664 1192 2736; x_wconf 90' lang='lat' dir='ltr'><strong>in</strong></span> <span class='ocrx_word' id='word_1_141' title='bbox 1229 2665 1365 2744; x_wconf 83' lang='lat' dir='ltr'><strong>cestris</strong></span> <span class='ocrx_word' id='word_1_142' title='bbox 1397 2665 1532 2742; x_wconf 88' lang='lat' dir='ltr'><strong>hahuit</strong></span> <span class='ocrx_word' id='word_1_143' title='bbox 1553 2665 1820 2756; x_wconf 57' lang='lat' dir='ltr'><strong>§sacricolam</strong></span> <span class='ocrx_word' id='word_1_144' title='bbox 1853 2685 1901 2736; x_wconf 82' lang='lat' dir='ltr'><strong>ex</strong></span> <span class='ocrx_word' id='word_1_145' title='bbox 1928 2661 2039 2736; x_wconf 86' lang='lat' dir='ltr'><strong>c‘uius</strong></span> 
     </span>
    </p>

    <p class='ocr_par' dir='ltr' id='par_1_9' title="bbox 298 2781 2157 3132">
     <span class='ocr_line' id='line_1_20' title="bbox 298 2781 1360 2890; baseline -0.004 -27"><span class='ocrx_word' id='word_1_146' title='bbox 298 2783 311 2800; x_wconf 85' lang='grc'><em>“</em></span> <span class='ocrx_word' id='word_1_147' title='bbox 421 2789 462 2863; x_wconf 74' lang='lat' dir='ltr'><strong>se</strong></span> <span class='ocrx_word' id='word_1_148' title='bbox 489 2787 715 2863; x_wconf 79' lang='lat' dir='ltr'><strong>auctoritate</strong></span> <span class='ocrx_word' id='word_1_149' title='bbox 741 2786 936 2862; x_wconf 84' lang='lat' dir='ltr'><strong>asserebat</strong></span> <span class='ocrx_word' id='word_1_150' title='bbox 961 2785 1094 2864; x_wconf 87' lang='lat' dir='ltr'><strong>omnia</strong></span> <span class='ocrx_word' id='word_1_151' title='bbox 1121 2781 1282 2890; x_wconf 73' lang='lat' dir='ltr'><strong>aggredi</strong></span> <span class='ocrx_word' id='word_1_152' title='bbox 1311 2791 1360 2880; x_wconf 68' lang='grc' dir='ltr'><strong>ξ).</strong></span> 
     </span>
     <span class='ocr_line' id='line_1_21' title="bbox 499 2901 2155 3020; baseline -0.001 -35"><span class='ocrx_word' id='word_1_153' title='bbox 499 2915 542 3004; x_wconf 88' lang='grc'><strong>5)</strong></span> <span class='ocrx_word' id='word_1_154' title='bbox 569 2909 764 2986; x_wconf 82' lang='lat' dir='ltr'><strong>Sertorius</strong></span> <span class='ocrx_word' id='word_1_155' title='bbox 788 2909 827 2983; x_wconf 88' lang='lat' dir='ltr'><strong>in</strong></span> <span class='ocrx_word' id='word_1_156' title='bbox 853 2910 1024 2983; x_wconf 84' lang='lat' dir='ltr'><strong>exercitu</strong></span> <span class='ocrx_word' id='word_1_157' title='bbox 1051 2909 1209 3009; x_wconf 86' lang='lat' dir='ltr'><strong>hispano</strong></span> <span class='ocrx_word' id='word_1_158' title='bbox 1237 2911 1371 2990; x_wconf 85' lang='lat' dir='ltr'><strong>albam</strong></span> <span class='ocrx_word' id='word_1_159' title='bbox 1387 2901 1545 3008; x_wconf 74' lang='lat' dir='ltr'><strong>oeream</strong></span> <span class='ocrx_word' id='word_1_160' title='bbox 1570 2909 1725 3002; x_wconf 64' lang='lat' dir='ltr'><strong>habuit,</strong></span> <span class='ocrx_word' id='word_1_161' title='bbox 1745 2931 1861 3008; x_wconf 80' lang='lat' dir='ltr'><strong>quam</strong></span> <span class='ocrx_word' id='word_1_162' title='bbox 1877 2929 2036 3004; x_wconf 71' lang='lat' dir='ltr'><strong>persua·</strong></span> <span class='ocrx_word' id='word_1_163' title='bbox 2152 2960 2155 3020; x_wconf 44' lang='lat' dir='ltr'><strong>p</strong></span> 
     </span>
     <span class='ocr_line' id='line_1_22' title="bbox 371 3026 2157 3132; baseline 0.003 -26"><span class='ocrx_word' id='word_1_164' title='bbox 371 3113 377 3120; x_wconf 64' lang='grc'><em>,</em></span> <span class='ocrx_word' id='word_1_165' title='bbox 422 3034 472 3106; x_wconf 89' lang='lat' dir='ltr'><strong>sit</strong></span> <span class='ocrx_word' id='word_1_166' title='bbox 498 3032 672 3109; x_wconf 87' lang='lat' dir='ltr'><strong>barbaris</strong></span> <span class='ocrx_word' id='word_1_167' title='bbox 699 3033 951 3126; x_wconf 84' lang='lat' dir='ltr'><strong>monitrieem</strong></span> <span class='ocrx_word' id='word_1_168' title='bbox 978 3031 1052 3108; x_wconf 88' lang='lat' dir='ltr'><strong>sibi</strong></span> <span class='ocrx_word' id='word_1_169' title='bbox 1073 3059 1173 3132; x_wconf 83' lang='lat' dir='ltr'><strong>esse.</strong></span> <span class='ocrx_word' id='word_1_170' title='bbox 1346 3049 1351 3054; x_wconf 85' lang='lat'>&#39;</span> <span class='ocrx_word' id='word_1_171' title='bbox 2154 3026 2157 3103; x_wconf 77' lang='lat' dir='ltr'><strong>l</strong></span> 
     </span>
    </p>
   </div>
   <div class='ocr_carea' id='block_1_5' title="bbox 783 3147 2158 3460">
    <p class='ocr_par' dir='ltr' id='par_1_10' title="bbox 783 3147 2158 3460">
     <span class='ocr_line' id='line_1_23' title="bbox 1120 3147 2158 3316; baseline -0.016 -29"><span class='ocrx_word' id='word_1_172' title='bbox 1120 3195 1336 3316; x_wconf 83' lang='lat' dir='ltr'><strong>Capr.</strong></span> <span class='ocrx_word' id='word_1_173' title='bbox 2152 3147 2158 3257; x_wconf 92' lang='grc'><strong>4</strong></span> 
     </span>
     <span class='ocr_line' id='line_1_24' title="bbox 783 3352 1720 3460; baseline -0.002 -34"><span class='ocrx_word' id='word_1_174' title='bbox 783 3352 1720 3460; x_wconf 55' lang='lat' dir='ltr'><strong>DeSuperstitionibum</strong></span> 
     </span>
    </p>
   </div>
   <div class='ocr_carea' id='block_1_6' title="bbox 423 3492 2158 3720">
    <p class='ocr_par' dir='ltr' id='par_1_11' title="bbox 423 3492 2158 3720">
     <span class='ocr_line' id='line_1_25' title="bbox 499 3492 2158 3628; baseline -0.005 -52"><span class='ocrx_word' id='word_1_175' title='bbox 499 3505 541 3595; x_wconf 94' lang='grc'><strong>1)</strong></span> <span class='ocrx_word' id='word_1_176' title='bbox 568 3497 845 3578; x_wconf 87' lang='lat' dir='ltr'><strong>Baohanalium</strong></span> <span class='ocrx_word' id='word_1_177' title='bbox 868 3500 1057 3598; x_wconf 84' lang='lat' dir='ltr'><strong>mysteria</strong></span> <span class='ocrx_word' id='word_1_178' title='bbox 1083 3499 1192 3574; x_wconf 82' lang='lat' dir='ltr'><strong>fuere</strong></span> <span class='ocrx_word' id='word_1_179' title='bbox 1214 3501 1380 3575; x_wconf 85' lang='lat' dir='ltr'><strong>Romae:</strong></span> <span class='ocrx_word' id='word_1_180' title='bbox 1399 3497 1590 3574; x_wconf 71' lang='lat' dir='ltr'><strong>sed&#39;o&#39;um</strong></span> <span class='ocrx_word' id='word_1_181' title='bbox 1616 3492 1856 3593; x_wconf 86' lang='lat' dir='ltr'><strong>temporibus</strong></span> <span class='ocrx_word' id='word_1_182' title='bbox 1882 3509 2038 3600; x_wconf 78' lang='lat' dir='ltr'><strong>noctur·</strong></span> <span class='ocrx_word' id='word_1_183' title='bbox 2153 3509 2158 3628; x_wconf 53' lang='lat' dir='ltr'><strong>p</strong></span> 
     </span>
     <span class='ocr_line' id='line_1_26' title="bbox 423 3613 2158 3720; baseline -0.009 -20"><span class='ocrx_word' id='word_1_184' title='bbox 423 3629 483 3702; x_wconf 85' lang='lat' dir='ltr'><strong>nis</strong></span> <span class='ocrx_word' id='word_1_185' title='bbox 502 3623 579 3698; x_wconf 82' lang='lat' dir='ltr'><strong>viri</strong></span> <span class='ocrx_word' id='word_1_186' title='bbox 598 3648 644 3702; x_wconf 88' lang='lat' dir='ltr'><strong>ao</strong></span> <span class='ocrx_word' id='word_1_187' title='bbox 667 3622 837 3704; x_wconf 84' lang='lat' dir='ltr'><strong>feminae</strong></span> <span class='ocrx_word' id='word_1_188' title='bbox 859 3621 1003 3720; x_wconf 84' lang='lat' dir='ltr'><strong>puriter</strong></span> <span class='ocrx_word' id='word_1_189' title='bbox 1026 3637 1171 3714; x_wconf 85' lang='lat' dir='ltr'><strong>essent,</strong></span> <span class='ocrx_word' id='word_1_190' title='bbox 1197 3621 1444 3717; x_wconf 85' lang='lat' dir='ltr'><strong>furerentque</strong></span> <span class='ocrx_word' id='word_1_191' title='bbox 1464 3619 1585 3697; x_wconf 90' lang='lat' dir='ltr'><strong>multo</strong></span> <span class='ocrx_word' id='word_1_192' title='bbox 1603 3617 1814 3694; x_wconf 82' lang='lat' dir='ltr'><strong>solentium</strong></span> <span class='ocrx_word' id='word_1_193' title='bbox 1835 3613 2036 3713; x_wconf 69' lang='lat' dir='ltr'><strong>sanguinm</strong></span> <span class='ocrx_word' id='word_1_194' title='bbox 2149 3633 2158 3643; x_wconf 87' lang='lat'><strong>·</strong></span> 
     </span>
    </p>
   </div>
   <div class='ocr_carea' id='block_1_7' title="bbox 424 3743 2036 4341">
    <p class='ocr_par' dir='ltr' id='par_1_12' title="bbox 424 3743 1584 3852">
     <span class='ocr_line' id='line_1_27' title="bbox 424 3743 1584 3852; baseline -0.012 -27"><span class='ocrx_word' id='word_1_195' title='bbox 424 3747 628 3852; x_wconf 76' lang='lat' dir='ltr'><strong>peregrina</strong></span> <span class='ocrx_word' id='word_1_196' title='bbox 652 3769 763 3822; x_wconf 82' lang='lat' dir='ltr'><strong>saera</strong></span> <span class='ocrx_word' id='word_1_197' title='bbox 789 3743 930 3819; x_wconf 85' lang='lat' dir='ltr'><strong>abolita</strong></span> <span class='ocrx_word' id='word_1_198' title='bbox 956 3759 1055 3822; x_wconf 90' lang='lat' dir='ltr'><strong>sunt.</strong></span> <span class='ocrx_word' id='word_1_199' title='bbox 1121 3797 1125 3806; x_wconf 35' lang='grc' dir='ltr'><strong><em>ι</em></strong></span> <span class='ocrx_word' id='word_1_200' title='bbox 1580 3791 1584 3798; x_wconf 83' lang='lat'>-</span> 
     </span>
    </p>

    <p class='ocr_par' dir='ltr' id='par_1_13' title="bbox 424 3853 2036 4095">
     <span class='ocr_line' id='line_1_28' title="bbox 499 3853 2036 3970; baseline -0.009 -22"><span class='ocrx_word' id='word_1_201' title='bbox 499 3876 545 3968; x_wconf 74' lang='grc'><strong>2)</strong></span> <span class='ocrx_word' id='word_1_202' title='bbox 571 3867 782 3946; x_wconf 84' lang='lat' dir='ltr'><strong>Chaldaeos</strong></span> <span class='ocrx_word' id='word_1_203' title='bbox 809 3864 1010 3944; x_wconf 82' lang='lat' dir='ltr'><strong>Cornelius</strong></span> <span class='ocrx_word' id='word_1_204' title='bbox 1036 3867 1233 3966; x_wconf 85' lang='lat' dir='ltr'><strong>Hippalus</strong></span> <span class='ocrx_word' id='word_1_205' title='bbox 1252 3863 1349 3941; x_wconf 88' lang='lat' dir='ltr'><strong>urbe</strong></span> <span class='ocrx_word' id='word_1_206' title='bbox 1383 3867 1547 3964; x_wconf 75' lang='lat' dir='ltr'><strong>expulit,</strong></span> <span class='ocrx_word' id='word_1_207' title='bbox 1567 3877 1621 3935; x_wconf 77' lang='lat' dir='ltr'><strong>et</strong></span> <span class='ocrx_word' id='word_1_208' title='bbox 1651 3861 1759 3970; x_wconf 58' lang='lat' dir='ltr'><strong>intusa</strong></span> <span class='ocrx_word' id='word_1_209' title='bbox 1775 3853 1928 3934; x_wconf 69' lang='lat' dir='ltr'><strong>decem</strong></span> <span class='ocrx_word' id='word_1_210' title='bbox 1956 3857 2036 3934; x_wconf 86' lang='lat' dir='ltr'><strong>dies</strong></span> 
     </span>
     <span class='ocr_line' id='line_1_29' title="bbox 424 3985 1687 4095; baseline -0.015 -23"><span class='ocrx_word' id='word_1_211' title='bbox 424 3998 532 4072; x_wconf 82' lang='lat' dir='ltr'><strong>ltalia</strong></span> <span class='ocrx_word' id='word_1_212' title='bbox 560 3991 668 4070; x_wconf 86' lang='lat' dir='ltr'><strong>abire</strong></span> <span class='ocrx_word' id='word_1_213' title='bbox 695 3989 829 4082; x_wconf 89' lang='lat' dir='ltr'><strong>iussit,</strong></span> <span class='ocrx_word' id='word_1_214' title='bbox 856 4015 902 4064; x_wconf 90' lang='lat' dir='ltr'><strong>ne</strong></span> <span class='ocrx_word' id='word_1_215' title='bbox 928 3989 1175 4095; x_wconf 78' lang='lat' dir='ltr'><strong>peregrinum</strong></span> <span class='ocrx_word' id='word_1_216' title='bbox 1204 3988 1409 4068; x_wconf 85' lang='lat' dir='ltr'><strong>scientiam</strong></span> <span class='ocrx_word' id='word_1_217' title='bbox 1435 3985 1687 4092; x_wconf 79' lang='lat' dir='ltr'><strong>venditarent.</strong></span> 
     </span>
    </p>

    <p class='ocr_par' dir='ltr' id='par_1_14' title="bbox 427 4101 2032 4341">
     <span class='ocr_line' id='line_1_30' title="bbox 501 4101 2032 4210; baseline -0.01 -16"><span class='ocrx_word' id='word_1_218' title='bbox 501 4122 546 4209; x_wconf 79' lang='grc'><strong>3)</strong></span> <span class='ocrx_word' id='word_1_219' title='bbox 570 4114 731 4210; x_wconf 79' lang='lat' dir='ltr'><strong>ludaeos</strong></span> <span class='ocrx_word' id='word_1_220' title='bbox 749 4138 894 4209; x_wconf 85' lang='lat' dir='ltr'><strong>quoque</strong></span> <span class='ocrx_word' id='word_1_221' title='bbox 911 4112 976 4209; x_wconf 88' lang='lat' dir='ltr'><strong>qni</strong></span> <span class='ocrx_word' id='word_1_222' title='bbox 993 4113 1179 4190; x_wconf 85' lang='lat' dir='ltr'><strong>Romanis</strong></span> <span class='ocrx_word' id='word_1_223' title='bbox 1202 4111 1353 4192; x_wconf 85' lang='lat' dir='ltr'><strong>tradere</strong></span> <span class='ocrx_word' id='word_1_224' title='bbox 1378 4134 1489 4190; x_wconf 84' lang='lat' dir='ltr'><strong>sacre</strong></span> <span class='ocrx_word' id='word_1_225' title='bbox 1511 4101 1721 4184; x_wconf 82' lang='lat' dir='ltr'><strong>sueoonati</strong></span> <span class='ocrx_word' id='word_1_226' title='bbox 1739 4116 1850 4178; x_wconf 80' lang='lat' dir='ltr'><strong>erant</strong></span> <span class='ocrx_word' id='word_1_227' title='bbox 1869 4107 1904 4190; x_wconf 79' lang='grc' dir='ltr'><strong>ι)</strong></span> <span class='ocrx_word' id='word_1_228' title='bbox 1929 4101 2032 4178; x_wconf 89' lang='lat' dir='ltr'><strong>idem</strong></span> 
     </span>
     <span class='ocr_line' id='line_1_31' title="bbox 427 4221 1967 4341; baseline -0.015 -23"><span class='ocrx_word' id='word_1_229' title='bbox 427 4241 611 4341; x_wconf 84' lang='lat' dir='ltr'><strong>Hippalus</strong></span> <span class='ocrx_word' id='word_1_230' title='bbox 635 4235 731 4312; x_wconf 89' lang='lat' dir='ltr'><strong>urbe</strong></span> <span class='ocrx_word' id='word_1_231' title='bbox 758 4235 1050 4312; x_wconf 85' lang='lat' dir='ltr'><strong>exterminavit:</strong></span> <span class='ocrx_word' id='word_1_232' title='bbox 1078 4261 1236 4336; x_wconf 82' lang='lat' dir='ltr'><strong>erasque</strong></span> <span class='ocrx_word' id='word_1_233' title='bbox 1262 4237 1431 4336; x_wconf 82' lang='lat' dir='ltr'><strong>privatas</strong></span> <span class='ocrx_word' id='word_1_234' title='bbox 1458 4257 1479 4305; x_wconf 88' lang='lat' dir='ltr'><strong>e</strong></span> <span class='ocrx_word' id='word_1_235' title='bbox 1505 4227 1668 4330; x_wconf 83' lang='lat' dir='ltr'><strong>publicis</strong></span> <span class='ocrx_word' id='word_1_236' title='bbox 1692 4224 1788 4302; x_wconf 86' lang='lat' dir='ltr'><strong>locis</strong></span> <span class='ocrx_word' id='word_1_237' title='bbox 1813 4221 1967 4300; x_wconf 82' lang='lat' dir='ltr'><strong>obiecit.</strong></span> 
     </span>
    </p>
   </div>
   <div class='ocr_carea' id='block_1_8' title="bbox 428 4361 900 4386">
    <p class='ocr_par' dir='ltr' id='par_1_15' title="bbox 428 4361 900 4386">
     <span class='ocr_line' id='line_1_32' title="bbox 428 4361 900 4386; baseline -0.008 -6"><span class='ocrx_word' id='word_1_238' title='bbox 428 4361 900 4386; x_wconf 55' lang='lat' dir='ltr'><strong>..W</strong></span> 
     </span>
    </p>
   </div>
   <div class='ocr_carea' id='block_1_9' title="bbox 397 4405 1455 4492">
    <p class='ocr_par' dir='ltr' id='par_1_16' title="bbox 397 4405 1455 4492">
     <span class='ocr_line' id='line_1_33' title="bbox 397 4405 1455 4492; baseline -0.013 -15"><span class='ocrx_word' id='word_1_239' title='bbox 397 4457 401 4464; x_wconf 85' lang='lat'><em>-</em></span> <span class='ocrx_word' id='word_1_240' title='bbox 469 4416 503 4492; x_wconf 85' lang='lat' dir='ltr'><strong>c)</strong></span> <span class='ocrx_word' id='word_1_241' title='bbox 525 4411 576 4476; x_wconf 85' lang='lat' dir='ltr'><strong>lta</strong></span> <span class='ocrx_word' id='word_1_242' title='bbox 597 4405 671 4472; x_wconf 87' lang='lat' dir='ltr'><strong>cod.</strong></span> <span class='ocrx_word' id='word_1_243' title='bbox 926 4457 929 4464; x_wconf 90' lang='lat'><strong>.</strong></span> <span class='ocrx_word' id='word_1_244' title='bbox 1402 4427 1426 4442; x_wconf 88' lang='lat'><strong>··</strong></span> <span class='ocrx_word' id='word_1_245' title='bbox 1452 4447 1455 4455; x_wconf 79' lang='lat'><strong>,</strong></span> 
     </span>
    </p>
   </div>
   <div class='ocr_carea' id='block_1_10' title="bbox 434 4480 2035 4670">
    <p class='ocr_par' dir='ltr' id='par_1_17' title="bbox 434 4480 2035 4670">
     <span class='ocr_line' id='line_1_34' title="bbox 434 4480 2035 4594; baseline -0.014 -14"><span class='ocrx_word' id='word_1_246' title='bbox 434 4499 437 4504; x_wconf 38' lang='lat'>¹</span> <span class='ocrx_word' id='word_1_247' title='bbox 468 4515 503 4594; x_wconf 83' lang='lat'><strong>2)</strong></span> <span class='ocrx_word' id='word_1_248' title='bbox 526 4513 628 4578; x_wconf 81' lang='lat' dir='ltr'><strong>Abest</strong></span> <span class='ocrx_word' id='word_1_249' title='bbox 655 4507 719 4570; x_wconf 88' lang='lat' dir='ltr'><strong>hoo</strong></span> <span class='ocrx_word' id='word_1_250' title='bbox 746 4504 934 4584; x_wconf 62' lang='lat' dir='ltr'><strong>exemplum</strong></span> <span class='ocrx_word' id='word_1_251' title='bbox 964 4505 1138 4568; x_wconf 84' lang='lat' dir='ltr'><strong>aValerii</strong></span> <span class='ocrx_word' id='word_1_252' title='bbox 1166 4505 1381 4592; x_wconf 80' lang='lat' dir='ltr'><strong>editionibus.</strong></span> <span class='ocrx_word' id='word_1_253' title='bbox 1431 4499 1480 4579; x_wconf 83' lang='grc'><strong>1).</strong></span> <span class='ocrx_word' id='word_1_254' title='bbox 1495 4497 1684 4584; x_wconf 66' lang='lat' dir='ltr'><strong>Confirmat</strong></span> <span class='ocrx_word' id='word_1_255' title='bbox 1711 4494 1936 4579; x_wconf 78' lang='lat' dir='ltr'><strong>Nepotianus.</strong></span> <span class='ocrx_word' id='word_1_256' title='bbox 1952 4480 2035 4574; x_wconf 79' lang='lat' dir='ltr'><strong>quae</strong></span> 
     </span>
     <span class='ocr_line' id='line_1_35' title="bbox 531 4581 1528 4670; baseline -0.013 -13"><span class='ocrx_word' id='word_1_257' title='bbox 531 4593 601 4657; x_wconf 79' lang='lat' dir='ltr'><strong>dixi</strong></span> <span class='ocrx_word' id='word_1_258' title='bbox 622 4591 664 4656; x_wconf 88' lang='lat' dir='ltr'><strong>ad</strong></span> <span class='ocrx_word' id='word_1_259' title='bbox 686 4587 839 4652; x_wconf 85' lang='lat' dir='ltr'><strong>Paridem</strong></span> <span class='ocrx_word' id='word_1_260' title='bbox 861 4605 893 4667; x_wconf 91' lang='lat' dir='ltr'><strong>p.</strong></span> <span class='ocrx_word' id='word_1_261' title='bbox 914 4589 945 4652; x_wconf 77' lang='lat' dir='ltr'><strong>t.</strong></span> <span class='ocrx_word' id='word_1_262' title='bbox 989 4583 1100 4665; x_wconf 67' lang='grc' dir='ltr'><strong>(θοαί.</strong></span> <span class='ocrx_word' id='word_1_263' title='bbox 1123 4605 1227 4668; x_wconf 82' lang='lat' dir='ltr'><strong>supra</strong></span> <span class='ocrx_word' id='word_1_264' title='bbox 1248 4607 1280 4670; x_wconf 89' lang='lat' dir='ltr'><strong>p.</strong></span> <span class='ocrx_word' id='word_1_265' title='bbox 1302 4589 1334 4653; x_wconf 82' lang='lat'><strong>8.</strong></span> <span class='ocrx_word' id='word_1_266' title='bbox 1356 4581 1528 4665; x_wconf 64' lang='lat' dir='ltr'><strong>Excerpe)</strong></span> 
     </span>
    </p>
   </div>
   <div class='ocr_carea' id='block_1_11' title="bbox 470 4687 997 4774">
    <p class='ocr_par' dir='ltr' id='par_1_18' title="bbox 470 4687 997 4774">
     <span class='ocr_line' id='line_1_36' title="bbox 470 4687 997 4774; baseline -0.017 -13"><span class='ocrx_word' id='word_1_267' title='bbox 470 4697 507 4771; x_wconf 88' lang='lat' dir='ltr'><strong>d)</strong></span> <span class='ocrx_word' id='word_1_268' title='bbox 530 4693 612 4760; x_wconf 78' lang='lat' dir='ltr'><strong>coa</strong></span> <span class='ocrx_word' id='word_1_269' title='bbox 634 4693 818 4769; x_wconf 87' lang='lat' dir='ltr'><strong>bollum,</strong></span> <span class='ocrx_word' id='word_1_270' title='bbox 840 4709 904 4774; x_wconf 87' lang='lat' dir='ltr'><strong>pro</strong></span> <span class='ocrx_word' id='word_1_271' title='bbox 926 4687 997 4752; x_wconf 87' lang='lat' dir='ltr'><strong>illo.</strong></span> 
     </span>
    </p>
   </div>
   <div class='ocr_carea' id='block_1_12' title="bbox 0 0 2194 5604">
    <p class='ocr_par' dir='ltr' id='par_1_19' title="bbox 0 0 2194 5604">
     <span class='ocr_line' id='line_1_37' title="bbox 0 0 2194 5604; baseline 0 0"><span class='ocrx_word' id='word_1_272' title='bbox 0 0 2194 5604; x_wconf 95' lang='lat' dir='ltr'><strong> </strong></span> 
     </span>
    </p>
   </div>
  </div>
 </body>
</html>
