4320 5606
162 674 165 682 ,
243 607 316 695 25)
343 603 484 704 Pyrrhi
510 607 614 709 regis
626 607 879 706 Epirotarum
903 611 1027 709 pollex
1052 610 1222 688 edextro
1236 616 1340 712 pede,
1368 614 1541 690 remedio
1561 625 1642 686 erat
1670 607 1783 684 sicui

165 749 278 800 renes
304 739 499 804 tumentes
526 755 570 804 eo
605 733 806 834 tetigisset
865 734 975 808 Idem
1001 734 1173 833 Pyrrhus
1207 761 1299 810 cum
1335 737 1381 812 ab
1415 737 1610 838 Antigono
1636 733 1783 805 victore

167 848 292 924 iussus
319 865 418 926 esset
443 851 574 946 exuri,
610 854 666 928 sic
695 856 808 949 arsit,
841 871 885 931 ut
916 857 1021 932 idem
1056 859 1179 954 pollex
1215 857 1299 958 igni
1332 859 1570 932 inveniretur
1605 856 1782 927 intactus.
1881 943 1888 962 Ι

170 971 245 1065 Qui
271 973 414 1074 digitus
446 1000 563 1050 aureo
595 977 720 1050 loculo
753 977 942 1070 inclusus,
976 993 1014 1052 e't
1048 979 1088 1054 in
1122 979 1390 1073 antiquissimo
1423 981 1567 1076 templo
1602 975 1785 1049 dodonaei

166 1095 271 1170 lovis
307 1095 493 1172 conditus.
556 1098 777 1174 Praedictus
811 1099 983 1200 Pyrrhus
1016 1115 1053 1178 et
1085 1101 1238 1176 Prusias
1259 1109 1297 1186 b)
1331 1125 1451 1174 unum
1491 1125 1532 1174 os
1566 1097 1783 1172 habuerunt

171 1243 239 1314 pro
267 1217 466 1311 dentibus,
493 1220 558 1294 sed
585 1220 810 1296 distinctum
838 1226 884 1300 ad
908 1223 1083 1298 dentium
1112 1221 1423 1298 similitudinem.

244 1343 316 1424 36)
342 1339 577 1417 Mithridatis
611 1357 649 1416 et
682 1344 892 1420 Laodiciae
924 1345 1007 1420 lilia
1041 1345 1273 1441 Tricipitina
1296 1357 1329 1427 c)
1365 1341 1575 1444 geminatis
1610 1341 1783 1414 dentium

171 1461 368 1536 ordinibus
394 1463 516 1561 turpis
543 1464 635 1557 fuit3
662 1491 757 1562 quae
784 1483 935 1564 patrem
964 1493 984 1542 a
1011 1465 1190 1564 Pompeio
1216 1467 1369 1540 victum·
1392 1479 1522 1538 secuta
1549 1477 1615 1538 est·
1668 1562 1673 1576 Ι

244 1583 311 1672 37)
338 1583 385 1659 Α.
402 1585 606 1686 Lilybaeo,
633 1589 872 1692 egredientes
886 1616 1002 1666 naves
1018 1586 1152 1688 Clipea
1168 1587 1327 1681 Africae
1350 1586 1506 1666 civitate
1524 1583 1564 1678 d)
1591 1583 1728 1660 Strabo
1749 1593 1786 1668 θ)

164 1691 322 1800 qitidam
350 1709 550 1804 speculans
580 1713 609 1802 f)
635 1711 876 1792 numerabat.

242 1831 312 1922 28)
336 1829 603 1907 Aristomenes
636 1837 848 1910 messenius
882 1832 1155 1912 callidissimus
1190 1832 1369 1908 adversus
1396 1830 1649 1906 Athenienses
1687 1831 1783 1906 tuit:

167 1971 283 2041 quem
310 1950 469 2025 tandem
496 1969 652 2052 captum
680 1975 931 2053 aperuerunt,
955 1981 1097 2052 corque
1124 1956 1289 2053 pilosum
1316 1968 1553 2053 repererunt.

246 2075 312 2158 29)
339 2075 574 2174 Polystratus
602 2092 639 2151 et
660 2079 906 2176 Hippoclides
933 2097 971 2156 et
990 2105 1065 2154 uno
1083 2078 1145 2152 die
1170 2077 1251 2151 nati
1276 2091 1382 2162 sunt,
1411 2092 1449 2151 et
1472 2073 1587 2151 ambo
1614 2076 1783 2172 epicurei

171 2195 347 2288 suerunt,
375 2198 648 2275 communibus
673 2202 733 2276 usi
760 2201 956 2302 discipulis
982 2215 1133 2276 suntet
1165 2198 1430 2298 patrimoniis,
1464 2197 1672 2294 eodemque
1701 2221 1783 2270 mo-

168 2333 302 2391 mento
330 2334 416 2392 sunt
444 2322 601 2398 mortui.

249 2444 317 2524 30)
345 2437 552 2518 Cretenses
579 2470 730 2542 caprae,
757 2471 847 2522 cum
876 2446 1048 2522 confixae
1073 2457 1181 2536 sunt,
1207 2440 1370 2516 herbam
1393 2439 1637 2515 dictamnum
1660 2458 1697 2524 g)
1726 2464 1786 2512 co-

171 2545 357 2654 medunt,
386 2579 423 2638 et
448 2566 525 2640 tela
545 2565 757 2643 visceribus
784 2569 961 2646 eiectam.
1640 2547 1645 2556 Ι

244 2687 316 2770 31)
343 2680 492 2782 Caprae
518 2687 559 2760 iu
584 2683 822 2786 Cephalenia
843 2690 885 2778 h)
910 2717 986 2766 non
1012 2714 1167 2788 semper
1194 2711 1309 2784 aquas
1335 2699 1484 2784 potant,
1520 2685 1585 2760 sed
1611 2711 1677 2782 per
1706 2711 1787 2760 ma-

170 2807 295 2898 jorem
323 2807 416 2880 anni
441 2823 591 2906 partem
619 2827 748 2908 aperto
775 2839 841 2886 ore
869 2829 980 2907 sunt,
1006 2811 1256 2906 cadentesque
1283 2833 1399 2904 aquas
1426 2807 1631 2903 excipiunt

246 2931 315 3016 32)
341 2929 385 3002 In
410 2933 554 3030 templo
575 2932 736 3008 Junonis
763 2931 930 3010 lacinias
953 2957 1167 3030 numquam
1190 2948 1298 3006 extra
1324 2932 1423 3005 cinis
1438 2943 1552 3003 vento
1571 2925 1786 3025 depellitur.

246 3055 311 3142 33)
337 3053 381 3126 ln
407 3053 572 3154 Assyria
600 3070 638 3130 et
664 3057 761 3154 apud
781 3057 909 3133 Medos
931 3083 977 3132 ea
1001 3055 1060 3130 vis
1080 3055 1275 3129 interdum
1301 3068 1415 3126 vento
1444 3065 1520 3140 est,
1546 3064 1589 3124 ut
1617 3054 1790 3150 correpti

168 3171 316 3266 equites
345 3173 561 3272 peditesque
590 3177 630 3256 in
657 3178 819 3254 ducenta
845 3179 968 3256 stadIa
993 3204 1062 3277 per
1089 3201 1219 3252 aerem
1247 3177 1433 3250 leventur.

244 3298 311 3382 st>
335 3299 418 3370 Non
446 3313 503 3371 est
529 3298 787 3400 incognitum,
810 3317 941 3378 tantae
961 3297 1242 3406 magnitudinis
1264 3312 1481 3394 serpentem
1499 3296 1685 3369 exercitui
1705 3293 1789 3370 Ati·

172 3416 217 3488 lii
245 3418 383 3518 Reguli
417 3417 525 3494 iuxta
550 3421 767 3522 bagradam
801 3423 960 3500 Africae
994 3445 1153 3498 amnem
1190 3420 1375 3494 infestum
1410 3417 1550 3510 fuisse,
1586 3434 1628 3492 ut
1656 3411 1784 3520 pugna

168 3553 302 3614 eontra
329 3563 419 3614 eum
446 3555 545 3616 esset
569 3542 611 3616 in
630 3543 751 3619 undat
778 3569 944 3642 cum-qua
969 3543 1112 3646 conligi
1127 3543 1264 3618 iaculis
1290 3567 1358 3639 pro
1375 3541 1474 3615 corii
1499 3539 1676 3614 vastitate
1703 3569 1779 3618 non

170 3645 331 3756 posset,
351 3660 522 3738 balistris
548 3679 586 3739 et
610 3667 713 3742 saxis
746 3693 829 3744 esse
857 3669 1153 3768 interemptum:
1191 3665 1346 3758 eiusque
1377 3679 1534 3764 tergum
1560 3677 1718 3735 centum
1745 3679 1783 3738 et

129 3807 135 3814 ·
169 3784 309 3885 viginti
335 3784 493 3882 pedibus
519 3801 717 3862 extentum
745 3790 785 3863 in
812 3790 1106 3866 ostentationem
1134 3787 1318 3861 miraculi
1347 3787 1515 3858 Romam
1543 3783 1722 3858 missum.

243 3907 313 3991 35)
338 3907 441 3982 Bura
458 3907 637 3982 etHelice
653 3909 767 3985 urbes
788 3911 828 3986 in
846 3911 1004 3990 achaico
1017 3911 1131 3987 litore
1147 3907 1326 3986 fluctibus
1340 3905 1501 3984 obrutae
1516 3921 1616 3997 suut,
1641 3921 1784 3982 terras-

168 4051 240 4122 que
253 4025 255 4030 ’
269 4043 378 4104 motu
405 4053 485 4104 esso
507 4029 749 4107 destiterunt.

875 4129 979 4247 Cap·
1035 4131 1087 4217 X·
1793 4181 1954 4260 popm.
2065 4143 2067 4148 ¹

471 4275 562 4348 De
611 4275 1049 4352 Jns‘titutis
1102 4274 1490 4371 Anticyris.

170 4515 177 4522 ·
244 4411 289 4493 l)
315 4409 455 4484 inituri
476 4409 776 4486 matrimonium
792 4427 954 4504 veteres,
979 4412 1081 4488 siout
1098 4411 1140 4486 in
1156 4407 1272 4484 rebus
1290 4408 1453 4500 cunctis,
1480 4405 1651 4506 auspicia
1676 4407 1783 4482 oolli-
1860 4405 1863 4412 ’

166 4529 327 4632 gabant:
349 4553 423 4626 qua
437 4531 709 4608 consuetudine
723 4531 855 4608 taedae
871 4531 1043 4632 auspices
1058 4533 1251 4626 dicuntur,
1269 4555 1364 4628 quae
1380 4521 1524 4628 nuptiis
1538 4527 1782 4626 adhibentur,

168 4653 938 4782 Μ)
960 4700 1042 4768 eod.
1064 4697 1208 4847 Clipea
1227 4695 1400 4761 Africae
1429 4697 1603 4760 cisitu.
1646 4699 1679 4774 a)
1699 4698 1783 4768 God.

272 4781 444 4848 Perabe.
479 4779 946 4906 fleodspscutantem.
968 4781 1109 4872 ocur.
1160 4786 1371 4867 tptamum.
1403 4775 1783 4924 b)Cod.⁴feplsalis.
