<?xml version="1.0" encoding="UTF-8"?>
<!DOCTYPE html PUBLIC "-//W3C//DTD XHTML 1.0 Transitional//EN"
    "http://www.w3.org/TR/xhtml1/DTD/xhtml1-transitional.dtd">
<html xmlns="http://www.w3.org/1999/xhtml" xml:lang="en" lang="en">
 <head>
  <title>
</title>
<meta http-equiv="Content-Type" content="text/html;charset=utf-8" />
  <meta name='ocr-system' content='tesseract 3.04.00' />
  <meta name='ocr-capabilities' content='ocr_page ocr_carea ocr_par ocr_line ocrx_word'/>
</head>
<body>
  <div class='ocr_page' id='page_1' title='image "./epitomalibrorum00parigoog_0024.png"; bbox 0 0 4320 5606; ppageno 0'>
   <div class='ocr_carea' id='block_1_1' title="bbox 936 360 990 442">
    <p class='ocr_par' dir='ltr' id='par_1_1' title="bbox 936 360 990 442">
     <span class='ocr_line' id='line_1_1' title="bbox 936 360 990 442; baseline 0 0"><span class='ocrx_word' id='word_1_1' title='bbox 936 360 990 442; x_wconf 83' lang='grc'>13</span> 
     </span>
    </p>
   </div>
   <div class='ocr_carea' id='block_1_2' title="bbox 824 461 1101 484">
    <p class='ocr_par' dir='ltr' id='par_1_2' title="bbox 824 444 1101 484">
     <span class='ocr_line' id='line_1_2' title="bbox 824 461 1101 484; baseline 0.004 -6"><span class='ocrx_word' id='word_1_2' title='bbox 824 461 955 479; x_wconf 57' lang='lat' dir='ltr'>&#39;un-⁸⁰·-</span> <span class='ocrx_word' id='word_1_3' title='bbox 985 461 1101 484; x_wconf 55' lang='lat' dir='ltr'>--w—aw</span> 
     </span>
    </p>
   </div>
   <div class='ocr_carea' id='block_1_3' title="bbox 126 563 1925 820">
    <p class='ocr_par' dir='ltr' id='par_1_3' title="bbox 126 563 1925 820">
     <span class='ocr_line' id='line_1_3' title="bbox 126 563 1925 708; baseline 0.001 -40"><span class='ocrx_word' id='word_1_4' title='bbox 126 563 365 698; x_wconf 44' lang='lat' dir='ltr'>rerooalti</span> <span class='ocrx_word' id='word_1_5' title='bbox 380 609 467 684; x_wconf 83' lang='lat' dir='ltr'>sunt</span> <span class='ocrx_word' id='word_1_6' title='bbox 487 597 676 688; x_wconf 84' lang='lat' dir='ltr'>consules,</span> <span class='ocrx_word' id='word_1_7' title='bbox 701 593 860 695; x_wconf 76' lang='lat' dir='ltr'><strong>Figulus</strong></span> <span class='ocrx_word' id='word_1_8' title='bbox 874 615 896 662; x_wconf 85' lang='lat' dir='ltr'>e</span> <span class='ocrx_word' id='word_1_9' title='bbox 912 583 1058 708; x_wconf 82' lang='lat' dir='ltr'>Gallia,</span> <span class='ocrx_word' id='word_1_10' title='bbox 1082 591 1213 692; x_wconf 87' lang='lat' dir='ltr'><strong>Scipio</strong></span> <span class='ocrx_word' id='word_1_11' title='bbox 1228 595 1365 672; x_wconf 81' lang='lat' dir='ltr'>Nasica</span> <span class='ocrx_word' id='word_1_12' title='bbox 1382 623 1429 672; x_wconf 84' lang='lat' dir='ltr'>ex</span> <span class='ocrx_word' id='word_1_13' title='bbox 1450 593 1622 674; x_wconf 85' lang='lat' dir='ltr'>Corsica.</span> <span class='ocrx_word' id='word_1_14' title='bbox 1656 595 1862 686; x_wconf 75' lang='lat' dir='ltr'>Toutapog.</span> <span class='ocrx_word' id='word_1_15' title='bbox 1876 607 1925 669; x_wconf 78' lang='lat' dir='ltr'>us.</span> 
     </span>
     <span class='ocr_line' id='line_1_4' title="bbox 128 709 1412 820; baseline 0.004 -27"><span class='ocrx_word' id='word_1_16' title='bbox 128 717 224 793; x_wconf 69' lang='lat' dir='ltr'>vis</span> <span class='ocrx_word' id='word_1_17' title='bbox 247 719 445 820; x_wconf 73' lang='lat' dir='ltr'>religionis</span> <span class='ocrx_word' id='word_1_18' title='bbox 472 720 599 796; x_wconf 84' lang='lat' dir='ltr'>inerat</span> <span class='ocrx_word' id='word_1_19' title='bbox 607 773 620 813; x_wconf 93' lang='lat'><strong><em>,</em></strong></span> <span class='ocrx_word' id='word_1_20' title='bbox 646 733 689 794; x_wconf 90' lang='lat' dir='ltr'>ut</span> <span class='ocrx_word' id='word_1_21' title='bbox 714 717 761 792; x_wconf 90' lang='lat' dir='ltr'>de</span> <span class='ocrx_word' id='word_1_22' title='bbox 786 740 831 790; x_wconf 88' lang='lat' dir='ltr'>ea</span> <span class='ocrx_word' id='word_1_23' title='bbox 858 709 1080 792; x_wconf 78' lang='lat' dir='ltr'>crederetur</span> <span class='ocrx_word' id='word_1_24' title='bbox 1105 716 1227 792; x_wconf 86' lang='lat' dir='ltr'>etiam</span> <span class='ocrx_word' id='word_1_25' title='bbox 1253 718 1412 798; x_wconf 83' lang='lat' dir='ltr'>absenti.</span> 
     </span>
    </p>
   </div>
   <div class='ocr_carea' id='block_1_4' title="bbox 131 831 1781 1065">
    <p class='ocr_par' dir='ltr' id='par_1_4' title="bbox 131 831 1781 1065">
     <span class='ocr_line' id='line_1_5' title="bbox 238 831 1781 965; baseline -0.005 -25"><span class='ocrx_word' id='word_1_26' title='bbox 238 867 282 948; x_wconf 82' lang='grc'>9)</span> <span class='ocrx_word' id='word_1_27' title='bbox 310 859 412 938; x_wconf 85' lang='lat' dir='ltr'>Cum</span> <span class='ocrx_word' id='word_1_28' title='bbox 448 864 619 960; x_wconf 87' lang='lat' dir='ltr'>Sulpicio</span> <span class='ocrx_word' id='word_1_29' title='bbox 655 831 892 939; x_wconf 79' lang='lat' dir='ltr'>sacrificanti</span> <span class='ocrx_word' id='word_1_30' title='bbox 925 879 1020 954; x_wconf 85' lang='lat' dir='ltr'>apex</span> <span class='ocrx_word' id='word_1_31' title='bbox 1052 859 1214 952; x_wconf 77' lang='lat' dir='ltr'>cecidit,</span> <span class='ocrx_word' id='word_1_32' title='bbox 1248 861 1523 965; x_wconf 84' lang='lat' dir='ltr'>significatum.</span> <span class='ocrx_word' id='word_1_33' title='bbox 1544 875 1600 936; x_wconf 83' lang='lat' dir='ltr'>cst</span> <span class='ocrx_word' id='word_1_34' title='bbox 1636 860 1781 934; x_wconf 87' lang='lat' dir='ltr'>instare</span> 
     </span>
     <span class='ocr_line' id='line_1_6' title="bbox 131 971 604 1065; baseline 0.023 -11"><span class='ocrx_word' id='word_1_35' title='bbox 131 971 355 1060; x_wconf 75' lang='lat' dir='ltr'>i&#39;acturain</span> <span class='ocrx_word' id='word_1_36' title='bbox 383 985 604 1065; x_wconf 83' lang='lat' dir='ltr'>sacerdotii.</span> 
     </span>
    </p>
   </div>
   <div class='ocr_carea' id='block_1_5' title="bbox 132 1114 1779 1342">
    <p class='ocr_par' dir='ltr' id='par_1_5' title="bbox 132 1114 1779 1342">
     <span class='ocr_line' id='line_1_7' title="bbox 235 1114 1779 1214; baseline -0.003 -20"><span class='ocrx_word' id='word_1_37' title='bbox 235 1123 304 1214; x_wconf 86' lang='lat'>1⁰)</span> <span class='ocrx_word' id='word_1_38' title='bbox 327 1118 469 1196; x_wconf 78' lang='lat' dir='ltr'>ratius</span> <span class='ocrx_word' id='word_1_39' title='bbox 495 1122 690 1196; x_wconf 78' lang='lat' dir='ltr'>Maximus</span> <span class='ocrx_word' id='word_1_40' title='bbox 724 1141 818 1194; x_wconf 86' lang='lat' dir='ltr'>eum</span> <span class='ocrx_word' id='word_1_41' title='bbox 852 1131 1064 1192; x_wconf 80' lang='lat' dir='ltr'>crearetur</span> <span class='ocrx_word' id='word_1_42' title='bbox 1079 1114 1266 1210; x_wconf 84' lang='lat' dir='ltr'>dictator,</span> <span class='ocrx_word' id='word_1_43' title='bbox 1299 1141 1411 1194; x_wconf 84' lang='lat' dir='ltr'>sorex</span> <span class='ocrx_word' id='word_1_44' title='bbox 1436 1119 1576 1198; x_wconf 88' lang='lat' dir='ltr'>sonuit.</span> <span class='ocrx_word' id='word_1_45' title='bbox 1636 1119 1705 1192; x_wconf 90' lang='lat' dir='ltr'>Ille</span> <span class='ocrx_word' id='word_1_46' title='bbox 1732 1117 1779 1190; x_wconf 91' lang='lat' dir='ltr'>ob</span> 
     </span>
     <span class='ocr_line' id='line_1_8' title="bbox 132 1241 752 1342; baseline 0.003 -29"><span class='ocrx_word' id='word_1_47' title='bbox 132 1263 276 1315; x_wconf 86' lang='lat' dir='ltr'>omen</span> <span class='ocrx_word' id='word_1_48' title='bbox 304 1241 538 1320; x_wconf 80' lang='lat' dir='ltr'>dictaturam</span> <span class='ocrx_word' id='word_1_49' title='bbox 564 1241 752 1342; x_wconf 83' lang='lat' dir='ltr'>deposuit.</span> 
     </span>
    </p>
   </div>
   <div class='ocr_carea' id='block_1_6' title="bbox 134 1385 1774 2110">
    <p class='ocr_par' dir='ltr' id='par_1_6' title="bbox 134 1385 1774 2110">
     <span class='ocr_line' id='line_1_9' title="bbox 235 1385 1771 1498; baseline -0.001 -24"><span class='ocrx_word' id='word_1_50' title='bbox 235 1385 309 1494; x_wconf 88' lang='grc'>11)</span> <span class='ocrx_word' id='word_1_51' title='bbox 329 1401 368 1475; x_wconf 84' lang='grc' dir='ltr'>Ρ.</span> <span class='ocrx_word' id='word_1_52' title='bbox 385 1398 565 1476; x_wconf 87' lang='lat' dir='ltr'>Licinius</span> <span class='ocrx_word' id='word_1_53' title='bbox 584 1399 755 1498; x_wconf 81' lang='lat' dir='ltr'>pontifex</span> <span class='ocrx_word' id='word_1_54' title='bbox 771 1395 969 1472; x_wconf 87' lang='lat' dir='ltr'>maximus</span> <span class='ocrx_word' id='word_1_55' title='bbox 985 1393 1181 1496; x_wconf 84' lang='lat' dir='ltr'>virginem</span> <span class='ocrx_word' id='word_1_56' title='bbox 1201 1397 1342 1474; x_wconf 86' lang='lat' dir='ltr'>Vestae</span> <span class='ocrx_word' id='word_1_57' title='bbox 1362 1397 1460 1492; x_wconf 88' lang='lat' dir='ltr'>quod</span> <span class='ocrx_word' id='word_1_58' title='bbox 1474 1396 1638 1494; x_wconf 88' lang='lat' dir='ltr'>quadam</span> <span class='ocrx_word' id='word_1_59' title='bbox 1661 1415 1771 1474; x_wconf 90' lang='lat' dir='ltr'>nocte</span> 
     </span>
     <span class='ocr_line' id='line_1_10' title="bbox 135 1517 1770 1624; baseline 0.001 -29"><span class='ocrx_word' id='word_1_60' title='bbox 135 1524 293 1624; x_wconf 80' lang='lat' dir='ltr'>ignem</span> <span class='ocrx_word' id='word_1_61' title='bbox 320 1537 544 1622; x_wconf 87' lang='lat' dir='ltr'>perpetuum</span> <span class='ocrx_word' id='word_1_62' title='bbox 570 1521 818 1624; x_wconf 78' lang='lat' dir='ltr'>indiligenter</span> <span class='ocrx_word' id='word_1_63' title='bbox 843 1531 1054 1609; x_wconf 77' lang='lat' dir='ltr'>servasset,</span> <span class='ocrx_word' id='word_1_64' title='bbox 1087 1517 1221 1620; x_wconf 85' lang='lat' dir='ltr'>flagris</span> <span class='ocrx_word' id='word_1_65' title='bbox 1247 1521 1428 1596; x_wconf 85' lang='lat' dir='ltr'>coercuit.</span> <span class='ocrx_word' id='word_1_66' title='bbox 1489 1523 1640 1600; x_wconf 90' lang='lat' dir='ltr'>Verum</span> <span class='ocrx_word' id='word_1_67' title='bbox 1666 1547 1770 1598; x_wconf 85' lang='lat' dir='ltr'>seve-</span> 
     </span>
     <span class='ocr_line' id='line_1_11' title="bbox 134 1639 1768 1748; baseline 0.004 -33"><span class='ocrx_word' id='word_1_68' title='bbox 134 1645 254 1718; x_wconf 87' lang='lat' dir='ltr'>ritas</span> <span class='ocrx_word' id='word_1_69' title='bbox 280 1643 327 1720; x_wconf 86' lang='lat' dir='ltr'>ad</span> <span class='ocrx_word' id='word_1_70' title='bbox 352 1643 568 1743; x_wconf 87' lang='lat' dir='ltr'>pellendam</span> <span class='ocrx_word' id='word_1_71' title='bbox 600 1643 887 1748; x_wconf 80' lang='lat' dir='ltr'>neglegentiam</span> <span class='ocrx_word' id='word_1_72' title='bbox 922 1639 1015 1716; x_wconf 85' lang='lat' dir='ltr'>adeo</span> <span class='ocrx_word' id='word_1_73' title='bbox 1042 1663 1180 1736; x_wconf 83' lang='lat' dir='ltr'>parum</span> <span class='ocrx_word' id='word_1_74' title='bbox 1214 1641 1398 1740; x_wconf 87' lang='lat' dir='ltr'>profecit,</span> <span class='ocrx_word' id='word_1_75' title='bbox 1429 1658 1473 1720; x_wconf 90' lang='lat' dir='ltr'>ut</span> <span class='ocrx_word' id='word_1_76' title='bbox 1503 1658 1631 1742; x_wconf 85' lang='lat' dir='ltr'>postea</span> <span class='ocrx_word' id='word_1_77' title='bbox 1665 1645 1768 1746; x_wconf 85' lang='lat' dir='ltr'>ignis</span> 
     </span>
     <span class='ocr_line' id='line_1_12' title="bbox 138 1761 1774 1866; baseline 0.001 -26"><span class='ocrx_word' id='word_1_78' title='bbox 138 1767 362 1856; x_wconf 31' lang='lat' dir='ltr'>extinctus!</span> <span class='ocrx_word' id='word_1_79' title='bbox 378 1768 441 1843; x_wconf 92' lang='lat' dir='ltr'>sit.</span> <span class='ocrx_word' id='word_1_80' title='bbox 508 1766 694 1842; x_wconf 80' lang='lat' dir='ltr'>Sacerdos</span> <span class='ocrx_word' id='word_1_81' title='bbox 725 1791 818 1839; x_wconf 87' lang='lat' dir='ltr'>vero</span> <span class='ocrx_word' id='word_1_82' title='bbox 850 1766 913 1838; x_wconf 81' lang='lat' dir='ltr'>vel</span> <span class='ocrx_word' id='word_1_83' title='bbox 937 1761 1108 1861; x_wconf 83' lang='lat' dir='ltr'>pontifex</span> <span class='ocrx_word' id='word_1_84' title='bbox 1134 1789 1203 1862; x_wconf 88' lang='lat' dir='ltr'>pro</span> <span class='ocrx_word' id='word_1_85' title='bbox 1238 1780 1392 1862; x_wconf 86' lang='lat' dir='ltr'>peceato</span> <span class='ocrx_word' id='word_1_86' title='bbox 1427 1765 1593 1864; x_wconf 89' lang='lat' dir='ltr'>amplius</span> <span class='ocrx_word' id='word_1_87' title='bbox 1625 1791 1774 1866; x_wconf 86' lang='lat' dir='ltr'>poenae</span> 
     </span>
     <span class='ocr_line' id='line_1_13' title="bbox 142 1885 1769 1990; baseline -0.004 -21"><span class='ocrx_word' id='word_1_88' title='bbox 142 1904 360 1982; x_wconf 82' lang='lat' dir='ltr'>metuens,</span> <span class='ocrx_word' id='word_1_89' title='bbox 393 1903 666 1964; x_wconf 83' lang='lat' dir='ltr'>ornamentum</span> <span class='ocrx_word' id='word_1_90' title='bbox 694 1913 740 1962; x_wconf 86' lang='lat' dir='ltr'>ex</span> <span class='ocrx_word' id='word_1_91' title='bbox 765 1888 845 1964; x_wconf 90' lang='lat' dir='ltr'>suis</span> <span class='ocrx_word' id='word_1_92' title='bbox 871 1885 1194 1987; x_wconf 89' lang='lat' dir='ltr'>pretiosissimum</span> <span class='ocrx_word' id='word_1_93' title='bbox 1220 1888 1344 1962; x_wconf 89' lang='lat' dir='ltr'>cineri</span> <span class='ocrx_word' id='word_1_94' title='bbox 1375 1887 1635 1990; x_wconf 84' lang='lat' dir='ltr'>superposuit;</span> <span class='ocrx_word' id='word_1_95' title='bbox 1661 1913 1769 1964; x_wconf 83' lang='lat' dir='ltr'>mox·</span> 
     </span>
     <span class='ocr_line' id='line_1_14' title="bbox 140 2011 733 2110; baseline 0 -25"><span class='ocrx_word' id='word_1_96' title='bbox 140 2037 230 2110; x_wconf 83' lang='lat' dir='ltr'>que</span> <span class='ocrx_word' id='word_1_97' title='bbox 256 2011 422 2086; x_wconf 84' lang='lat' dir='ltr'>damma</span> <span class='ocrx_word' id='word_1_98' title='bbox 447 2011 627 2086; x_wconf 85' lang='lat' dir='ltr'>surrexit.</span> <span class='ocrx_word' id='word_1_99' title='bbox 685 2013 733 2106; x_wconf 85' lang='lat'>¹).</span> 
     </span>
    </p>
   </div>
   <div class='ocr_carea' id='block_1_7' title="bbox 114 2142 1775 2866">
    <p class='ocr_par' dir='ltr' id='par_1_7' title="bbox 114 2142 1775 2738">
     <span class='ocr_line' id='line_1_15' title="bbox 114 2142 1764 2248; baseline -0.002 -28"><span class='ocrx_word' id='word_1_100' title='bbox 114 2195 123 2206; x_wconf 93' lang='lat'>-</span> <span class='ocrx_word' id='word_1_101' title='bbox 230 2147 300 2238; x_wconf 82' lang='lat'>12)</span> <span class='ocrx_word' id='word_1_102' title='bbox 325 2143 497 2220; x_wconf 88' lang='lat' dir='ltr'>Albanus</span> <span class='ocrx_word' id='word_1_103' title='bbox 522 2145 685 2248; x_wconf 86' lang='lat' dir='ltr'>insignis</span> <span class='ocrx_word' id='word_1_104' title='bbox 712 2145 774 2218; x_wconf 89' lang='lat' dir='ltr'>vir</span> <span class='ocrx_word' id='word_1_105' title='bbox 799 2143 1012 2244; x_wconf 82' lang='lat' dir='ltr'>religione,</span> <span class='ocrx_word' id='word_1_106' title='bbox 1037 2142 1103 2240; x_wconf 82' lang='lat' dir='ltr'>qui</span> <span class='ocrx_word' id='word_1_107' title='bbox 1128 2167 1218 2220; x_wconf 86' lang='lat' dir='ltr'>cum</span> <span class='ocrx_word' id='word_1_108' title='bbox 1247 2149 1359 2244; x_wconf 85' lang='lat' dir='ltr'>capta</span> <span class='ocrx_word' id='word_1_109' title='bbox 1385 2144 1479 2224; x_wconf 87' lang='lat' dir='ltr'>urbe</span> <span class='ocrx_word' id='word_1_110' title='bbox 1505 2172 1529 2222; x_wconf 90' lang='lat' dir='ltr'>a</span> <span class='ocrx_word' id='word_1_111' title='bbox 1554 2142 1679 2224; x_wconf 85' lang='lat' dir='ltr'>Gallis</span> <span class='ocrx_word' id='word_1_112' title='bbox 1706 2143 1764 2216; x_wconf 85' lang='lat' dir='ltr'>fu-</span> 
     </span>
     <span class='ocr_line' id='line_1_16' title="bbox 140 2266 1762 2370; baseline 0.001 -33"><span class='ocrx_word' id='word_1_113' title='bbox 140 2281 284 2365; x_wconf 87' lang='lat' dir='ltr'>geret,</span> <span class='ocrx_word' id='word_1_114' title='bbox 321 2269 562 2364; x_wconf 84' lang='lat' dir='ltr'>plaustroque</span> <span class='ocrx_word' id='word_1_115' title='bbox 595 2267 774 2344; x_wconf 83' lang='lat' dir='ltr'>eveheret</span> <span class='ocrx_word' id='word_1_116' title='bbox 803 2266 1002 2342; x_wconf 87' lang='lat' dir='ltr'>familiam</span> <span class='ocrx_word' id='word_1_117' title='bbox 1028 2292 1162 2362; x_wconf 85' lang='lat' dir='ltr'>suam,</span> <span class='ocrx_word' id='word_1_118' title='bbox 1197 2268 1441 2370; x_wconf 85' lang='lat' dir='ltr'>virginesque</span> <span class='ocrx_word' id='word_1_119' title='bbox 1466 2269 1640 2348; x_wconf 86' lang='lat' dir='ltr'>Vestales</span> <span class='ocrx_word' id='word_1_120' title='bbox 1671 2291 1762 2340; x_wconf 89' lang='lat' dir='ltr'>cum</span> 
     </span>
     <span class='ocr_line' id='line_1_17' title="bbox 144 2388 1775 2491; baseline 0.001 -29"><span class='ocrx_word' id='word_1_121' title='bbox 144 2388 274 2464; x_wconf 87' lang='lat' dir='ltr'>sacris</span> <span class='ocrx_word' id='word_1_122' title='bbox 299 2415 395 2488; x_wconf 89' lang='lat' dir='ltr'>pone</span> <span class='ocrx_word' id='word_1_123' title='bbox 414 2389 590 2484; x_wconf 86' lang='lat' dir='ltr'>vidisset,</span> <span class='ocrx_word' id='word_1_124' title='bbox 616 2389 756 2464; x_wconf 90' lang='lat' dir='ltr'>deiecit</span> <span class='ocrx_word' id='word_1_125' title='bbox 781 2413 944 2464; x_wconf 81' lang='lat' dir='ltr'>uxorem</span> <span class='ocrx_word' id='word_1_126' title='bbox 972 2415 1019 2466; x_wconf 85' lang='lat' dir='ltr'>ac</span> <span class='ocrx_word' id='word_1_127' title='bbox 1044 2391 1157 2482; x_wconf 88' lang='lat' dir='ltr'>filios,</span> <span class='ocrx_word' id='word_1_128' title='bbox 1183 2408 1222 2466; x_wconf 88' lang='lat' dir='ltr'>et</span> <span class='ocrx_word' id='word_1_129' title='bbox 1246 2391 1462 2468; x_wconf 84' lang='lat' dir='ltr'>sacerdotes</span> <span class='ocrx_word' id='word_1_130' title='bbox 1488 2416 1580 2466; x_wconf 86' lang='lat' dir='ltr'>cum</span> <span class='ocrx_word' id='word_1_131' title='bbox 1606 2391 1680 2490; x_wconf 92' lang='lat' dir='ltr'>piis</span> <span class='ocrx_word' id='word_1_132' title='bbox 1698 2391 1775 2491; x_wconf 83' lang='lat' dir='ltr'>ho-¹</span> 
     </span>
     <span class='ocr_line' id='line_1_18' title="bbox 145 2507 1763 2612; baseline -0.001 -24"><span class='ocrx_word' id='word_1_133' title='bbox 145 2507 312 2588; x_wconf 83' lang='lat' dir='ltr'>neribus</span> <span class='ocrx_word' id='word_1_134' title='bbox 337 2511 524 2610; x_wconf 79' lang='lat' dir='ltr'>suscepit3</span> <span class='ocrx_word' id='word_1_135' title='bbox 550 2512 755 2608; x_wconf 73' lang='lat' dir='ltr'>{iussusque</span> <span class='ocrx_word' id='word_1_136' title='bbox 781 2511 857 2586; x_wconf 91' lang='lat' dir='ltr'>iter</span> <span class='ocrx_word' id='word_1_137' title='bbox 880 2527 1053 2607; x_wconf 87' lang='lat' dir='ltr'>mutare;</span> <span class='ocrx_word' id='word_1_138' title='bbox 1080 2511 1180 2590; x_wconf 90' lang='lat' dir='ltr'>Cere</span> <span class='ocrx_word' id='word_1_139' title='bbox 1213 2513 1406 2612; x_wconf 80' lang='lat' dir='ltr'>pervenit:</span> <span class='ocrx_word' id='word_1_140' title='bbox 1433 2539 1481 2588; x_wconf 85' lang='lat' dir='ltr'>ex</span> <span class='ocrx_word' id='word_1_141' title='bbox 1507 2515 1616 2611; x_wconf 86' lang='lat' dir='ltr'>eujus</span> <span class='ocrx_word' id='word_1_142' title='bbox 1635 2513 1763 2611; x_wconf 88' lang='lat' dir='ltr'>oppidi</span> 
     </span>
     <span class='ocr_line' id='line_1_19' title="bbox 146 2627 1461 2738; baseline 0.005 -37"><span class='ocrx_word' id='word_1_143' title='bbox 146 2627 330 2726; x_wconf 86' lang='lat' dir='ltr'>obsequio</span> <span class='ocrx_word' id='word_1_144' title='bbox 356 2633 397 2706; x_wconf 92' lang='lat' dir='ltr'>in</span> <span class='ocrx_word' id='word_1_145' title='bbox 423 2633 596 2732; x_wconf 84' lang='lat' dir='ltr'>publicae</span> <span class='ocrx_word' id='word_1_146' title='bbox 621 2635 852 2738; x_wconf 84' lang='lat' dir='ltr'>religiones,</span> <span class='ocrx_word' id='word_1_147' title='bbox 880 2635 1139 2712; x_wconf 89' lang='lat' dir='ltr'>caerimonias</span> <span class='ocrx_word' id='word_1_148' title='bbox 1166 2637 1461 2736; x_wconf 80' lang='lat' dir='ltr'>appellaverunt.</span> 
     </span>
    </p>

    <p class='ocr_par' dir='ltr' id='par_1_8' title="bbox 156 2761 1775 2866">
     <span class='ocr_line' id='line_1_20' title="bbox 156 2761 1775 2866; baseline 0.002 -27"><span class='ocrx_word' id='word_1_149' title='bbox 156 2839 162 2848; x_wconf 90' lang='grc'><em>,</em></span> <span class='ocrx_word' id='word_1_150' title='bbox 227 2767 296 2860; x_wconf 81' lang='grc'>13)</span> <span class='ocrx_word' id='word_1_151' title='bbox 321 2761 366 2840; x_wconf 87' lang='lat' dir='ltr'>C.</span> <span class='ocrx_word' id='word_1_152' title='bbox 393 2767 534 2844; x_wconf 80' lang='lat' dir='ltr'>Fabius</span> <span class='ocrx_word' id='word_1_153' title='bbox 558 2769 710 2846; x_wconf 88' lang='lat' dir='ltr'>Dorsuo</span> <span class='ocrx_word' id='word_1_154' title='bbox 735 2769 881 2844; x_wconf 89' lang='lat' dir='ltr'>flamen</span> <span class='ocrx_word' id='word_1_155' title='bbox 906 2771 1130 2866; x_wconf 88' lang='lat' dir='ltr'>quirinalis,</span> <span class='ocrx_word' id='word_1_156' title='bbox 1157 2771 1380 2846; x_wconf 87' lang='lat' dir='ltr'>cumidem</span> <span class='ocrx_word' id='word_1_157' title='bbox 1408 2769 1514 2848; x_wconf 86' lang='lat' dir='ltr'>Galli</span> <span class='ocrx_word' id='word_1_158' title='bbox 1541 2767 1775 2844; x_wconf 76' lang='lat' dir='ltr'>obsiderent</span> 
     </span>
    </p>
   </div>
   <div class='ocr_carea' id='block_1_8' title="bbox 146 2879 1760 3112">
    <p class='ocr_par' dir='ltr' id='par_1_9' title="bbox 146 2879 1760 3112">
     <span class='ocr_line' id='line_1_21' title="bbox 146 2879 1760 2996; baseline 0.004 -36"><span class='ocrx_word' id='word_1_159' title='bbox 146 2879 407 2986; x_wconf 87' lang='lat' dir='ltr'>Capitolium,</span> <span class='ocrx_word' id='word_1_160' title='bbox 434 2891 599 2966; x_wconf 90' lang='lat' dir='ltr'>solemni</span> <span class='ocrx_word' id='word_1_161' title='bbox 625 2891 686 2966; x_wconf 88' lang='lat' dir='ltr'>die</span> <span class='ocrx_word' id='word_1_162' title='bbox 712 2893 920 2996; x_wconf 79' lang='lat' dir='ltr'>gabinatus</span> <span class='ocrx_word' id='word_1_163' title='bbox 944 2899 982 2989; x_wconf 75' lang='lat'>²)</span> <span class='ocrx_word' id='word_1_164' title='bbox 1007 2917 1118 2969; x_wconf 85' lang='lat' dir='ltr'>sacra</span> <span class='ocrx_word' id='word_1_165' title='bbox 1144 2893 1363 2994; x_wconf 85' lang='lat' dir='ltr'>praeferens</span> <span class='ocrx_word' id='word_1_166' title='bbox 1390 2919 1459 2992; x_wconf 89' lang='lat' dir='ltr'>per</span> <span class='ocrx_word' id='word_1_167' title='bbox 1483 2889 1652 2968; x_wconf 83' lang='lat' dir='ltr'>hostium</span> <span class='ocrx_word' id='word_1_168' title='bbox 1680 2909 1760 2966; x_wconf 87' lang='lat' dir='ltr'>ten-</span> 
     </span>
     <span class='ocr_line' id='line_1_22' title="bbox 147 3009 828 3112; baseline 0.003 -28"><span class='ocrx_word' id='word_1_169' title='bbox 147 3009 275 3104; x_wconf 86' lang='lat' dir='ltr'>toria,</span> <span class='ocrx_word' id='word_1_170' title='bbox 301 3011 494 3112; x_wconf 85' lang='lat' dir='ltr'>sacrificio</span> <span class='ocrx_word' id='word_1_171' title='bbox 520 3030 674 3111; x_wconf 89' lang='lat' dir='ltr'>peracto</span> <span class='ocrx_word' id='word_1_172' title='bbox 700 3015 828 3090; x_wconf 90' lang='lat' dir='ltr'>rediit.</span> 
     </span>
    </p>
   </div>
   <div class='ocr_carea' id='block_1_9' title="bbox 145 3145 1760 3624">
    <p class='ocr_par' dir='ltr' id='par_1_10' title="bbox 145 3145 1760 3624">
     <span class='ocr_line' id='line_1_23' title="bbox 167 3145 1758 3258; baseline 0 -38"><span class='ocrx_word' id='word_1_173' title='bbox 167 3253 171 3258; x_wconf 27' lang='grc' dir='ltr'>Ι</span> <span class='ocrx_word' id='word_1_174' title='bbox 228 3149 298 3241; x_wconf 80' lang='grc'>14)</span> <span class='ocrx_word' id='word_1_175' title='bbox 322 3149 401 3224; x_wconf 88' lang='lat' dir='ltr'>Sub</span> <span class='ocrx_word' id='word_1_176' title='bbox 424 3151 599 3226; x_wconf 80' lang='lat' dir='ltr'>laniculo</span> <span class='ocrx_word' id='word_1_177' title='bbox 621 3178 712 3228; x_wconf 85' lang='lat' dir='ltr'>arca</span> <span class='ocrx_word' id='word_1_178' title='bbox 728 3155 883 3228; x_wconf 85' lang='lat' dir='ltr'>inventa</span> <span class='ocrx_word' id='word_1_179' title='bbox 901 3169 971 3248; x_wconf 89' lang='lat' dir='ltr'>est,</span> <span class='ocrx_word' id='word_1_180' title='bbox 996 3150 1237 3248; x_wconf 45' lang='lat' dir='ltr'>P.,Cornelio</span> <span class='ocrx_word' id='word_1_181' title='bbox 1259 3169 1297 3229; x_wconf 89' lang='lat' dir='ltr'>et</span> <span class='ocrx_word' id='word_1_182' title='bbox 1313 3155 1364 3228; x_wconf 88' lang='lat' dir='ltr'>M.</span> <span class='ocrx_word' id='word_1_183' title='bbox 1389 3149 1530 3228; x_wconf 87' lang='lat' dir='ltr'>Baebio</span> <span class='ocrx_word' id='word_1_184' title='bbox 1555 3145 1758 3246; x_wconf 83' lang='lat' dir='ltr'>Tamphilo</span> 
     </span>
     <span class='ocr_line' id='line_1_24' title="bbox 145 3269 1759 3380; baseline 0.002 -40"><span class='ocrx_word' id='word_1_185' title='bbox 145 3269 192 3360; x_wconf 87' lang='lat' dir='ltr'>a)</span> <span class='ocrx_word' id='word_1_186' title='bbox 218 3291 361 3364; x_wconf 80' lang='lat' dir='ltr'>conss,</span> <span class='ocrx_word' id='word_1_187' title='bbox 386 3275 498 3370; x_wconf 88' lang='lat' dir='ltr'>plena</span> <span class='ocrx_word' id='word_1_188' title='bbox 516 3275 627 3350; x_wconf 89' lang='lat' dir='ltr'>libris</span> <span class='ocrx_word' id='word_1_189' title='bbox 641 3291 770 3352; x_wconf 88' lang='lat' dir='ltr'>nostra</span> <span class='ocrx_word' id='word_1_190' title='bbox 786 3277 920 3380; x_wconf 88' lang='lat' dir='ltr'>lingua</span> <span class='ocrx_word' id='word_1_191' title='bbox 936 3291 1047 3372; x_wconf 89' lang='lat' dir='ltr'>atque</span> <span class='ocrx_word' id='word_1_192' title='bbox 1066 3277 1203 3352; x_wconf 86' lang='lat' dir='ltr'>attica:</span> <span class='ocrx_word' id='word_1_193' title='bbox 1231 3303 1304 3374; x_wconf 86' lang='lat' dir='ltr'>qua</span> <span class='ocrx_word' id='word_1_194' title='bbox 1327 3279 1477 3372; x_wconf 17' lang='lat' dir='ltr'>ingarca</span> <span class='ocrx_word' id='word_1_195' title='bbox 1501 3273 1613 3354; x_wconf 86' lang='lat' dir='ltr'>latini</span> <span class='ocrx_word' id='word_1_196' title='bbox 1639 3273 1759 3369; x_wconf 87' lang='lat' dir='ltr'>ponti-</span> 
     </span>
     <span class='ocr_line' id='line_1_25' title="bbox 147 3389 1760 3500; baseline 0.004 -39"><span class='ocrx_word' id='word_1_197' title='bbox 147 3389 269 3463; x_wconf 85' lang='lat' dir='ltr'>ficum</span> <span class='ocrx_word' id='word_1_198' title='bbox 304 3391 548 3492; x_wconf 84' lang='lat' dir='ltr'>disciplinas,</span> <span class='ocrx_word' id='word_1_199' title='bbox 582 3412 621 3472; x_wconf 89' lang='lat' dir='ltr'>at</span> <span class='ocrx_word' id='word_1_200' title='bbox 642 3401 787 3500; x_wconf 74' lang='lat' dir='ltr'>‘graeei</span> <span class='ocrx_word' id='word_1_201' title='bbox 818 3399 1131 3500; x_wconf 89' lang='lat' dir='ltr'>philosophorum</span> <span class='ocrx_word' id='word_1_202' title='bbox 1164 3399 1369 3476; x_wconf 85' lang='lat' dir='ltr'>habebant.</span> <span class='ocrx_word' id='word_1_203' title='bbox 1435 3396 1604 3475; x_wconf 87' lang='lat' dir='ltr'>Servatis</span> <span class='ocrx_word' id='word_1_204' title='bbox 1638 3397 1760 3497; x_wconf 88' lang='lat' dir='ltr'>igitur</span> 
     </span>
     <span class='ocr_line' id='line_1_26' title="bbox 147 3513 1758 3624; baseline 0.004 -38"><span class='ocrx_word' id='word_1_205' title='bbox 147 3513 307 3622; x_wconf 80' lang='lat' dir='ltr'>nostris,</span> <span class='ocrx_word' id='word_1_206' title='bbox 333 3541 492 3619; x_wconf 88' lang='lat' dir='ltr'>graecos</span> <span class='ocrx_word' id='word_1_207' title='bbox 518 3519 602 3620; x_wconf 89' lang='lat' dir='ltr'>igni</span> <span class='ocrx_word' id='word_1_208' title='bbox 628 3519 786 3616; x_wconf 82' lang='lat' dir='ltr'>dedere3</span> <span class='ocrx_word' id='word_1_209' title='bbox 819 3525 1011 3619; x_wconf 86' lang='lat' dir='ltr'>quianon</span> <span class='ocrx_word' id='word_1_210' title='bbox 1036 3523 1283 3620; x_wconf 84' lang='lat' dir='ltr'>probaverint</span> <span class='ocrx_word' id='word_1_211' title='bbox 1308 3535 1445 3598; x_wconf 86' lang='lat' dir='ltr'>contra</span> <span class='ocrx_word' id='word_1_212' title='bbox 1470 3520 1675 3624; x_wconf 87' lang='lat' dir='ltr'>religiones</span> <span class='ocrx_word' id='word_1_213' title='bbox 1701 3545 1758 3593; x_wconf 86' lang='lat' dir='ltr'>sa·</span> 
     </span>
    </p>
   </div>
   <div class='ocr_carea' id='block_1_10' title="bbox 146 3635 1757 3746">
    <p class='ocr_par' dir='ltr' id='par_1_11' title="bbox 146 3635 1757 3746">
     <span class='ocr_line' id='line_1_27' title="bbox 146 3635 1757 3746; baseline 0.002 -35"><span class='ocrx_word' id='word_1_214' title='bbox 146 3635 335 3736; x_wconf 84' lang='lat' dir='ltr'>pientiam</span> <span class='ocrx_word' id='word_1_215' title='bbox 362 3644 401 3734; x_wconf 79' lang='lat'>³)</span> <span class='ocrx_word' id='word_1_216' title='bbox 428 3665 519 3736; x_wconf 90' lang='lat' dir='ltr'>quos</span> <span class='ocrx_word' id='word_1_217' title='bbox 542 3641 666 3720; x_wconf 87' lang='lat' dir='ltr'>libros</span> <span class='ocrx_word' id='word_1_218' title='bbox 691 3643 795 3720; x_wconf 86' lang='lat' dir='ltr'>iussu</span> <span class='ocrx_word' id='word_1_219' title='bbox 820 3661 974 3722; x_wconf 87' lang='lat' dir='ltr'>senatus</span> <span class='ocrx_word' id='word_1_220' title='bbox 999 3646 1038 3720; x_wconf 91' lang='lat' dir='ltr'>P.</span> <span class='ocrx_word' id='word_1_221' title='bbox 1057 3645 1213 3720; x_wconf 88' lang='lat' dir='ltr'>Petilius</span> <span class='ocrx_word' id='word_1_222' title='bbox 1237 3662 1389 3746; x_wconf 88' lang='lat' dir='ltr'>praetor</span> <span class='ocrx_word' id='word_1_223' title='bbox 1412 3644 1580 3721; x_wconf 86' lang='lat' dir='ltr'>urbanus</span> <span class='ocrx_word' id='word_1_224' title='bbox 1605 3645 1757 3720; x_wconf 84' lang='lat' dir='ltr'>exussit.</span> 
     </span>
    </p>
   </div>
   <div class='ocr_carea' id='block_1_11' title="bbox 145 3783 1812 4257">
    <p class='ocr_par' dir='ltr' id='par_1_12' title="bbox 145 3783 1812 4257">
     <span class='ocr_line' id='line_1_28' title="bbox 214 3783 1757 3893; baseline 0.003 -34"><span class='ocrx_word' id='word_1_225' title='bbox 214 3785 283 3876; x_wconf 84' lang='lat'>15)</span> <span class='ocrx_word' id='word_1_226' title='bbox 299 3785 350 3858; x_wconf 90' lang='lat' dir='ltr'>M.</span> <span class='ocrx_word' id='word_1_227' title='bbox 367 3783 512 3860; x_wconf 88' lang='lat' dir='ltr'>Atilius</span> <span class='ocrx_word' id='word_1_228' title='bbox 527 3788 694 3890; x_wconf 83' lang='lat' dir='ltr'>Regulus</span> <span class='ocrx_word' id='word_1_229' title='bbox 715 3788 857 3880; x_wconf 88' lang='lat' dir='ltr'>missus</span> <span class='ocrx_word' id='word_1_230' title='bbox 874 3815 897 3868; x_wconf 90' lang='lat' dir='ltr'>a</span> <span class='ocrx_word' id='word_1_231' title='bbox 912 3785 1298 3893; x_wconf 85' lang='lat' dir='ltr'>Carthaginiensibus</span> <span class='ocrx_word' id='word_1_232' title='bbox 1309 3793 1476 3865; x_wconf 87' lang='lat' dir='ltr'>Romam</span> <span class='ocrx_word' id='word_1_233' title='bbox 1494 3788 1597 3888; x_wconf 85' lang='lat' dir='ltr'>inter</span> <span class='ocrx_word' id='word_1_234' title='bbox 1611 3789 1757 3892; x_wconf 84' lang='lat' dir='ltr'>legatos</span> 
     </span>
     <span class='ocr_line' id='line_1_29' title="bbox 145 3905 1755 4012; baseline 0.002 -30"><span class='ocrx_word' id='word_1_235' title='bbox 145 3905 308 4003; x_wconf 84' lang='lat' dir='ltr'>punicus·</span> <span class='ocrx_word' id='word_1_236' title='bbox 327 3907 396 3984; x_wconf 92' lang='lat' dir='ltr'>sub</span> <span class='ocrx_word' id='word_1_237' title='bbox 423 3927 680 4006; x_wconf 85' lang='lat' dir='ltr'>sacramento,</span> <span class='ocrx_word' id='word_1_238' title='bbox 706 3928 749 3988; x_wconf 91' lang='lat' dir='ltr'>ut</span> <span class='ocrx_word' id='word_1_239' title='bbox 774 3914 808 3988; x_wconf 85' lang='lat' dir='ltr'>si</span> <span class='ocrx_word' id='word_1_240' title='bbox 832 3913 1075 4012; x_wconf 86' lang='lat' dir='ltr'>captivorum</span> <span class='ocrx_word' id='word_1_241' title='bbox 1097 3915 1352 3990; x_wconf 87' lang='lat' dir='ltr'>commutatio</span> <span class='ocrx_word' id='word_1_242' title='bbox 1377 3913 1489 4010; x_wconf 33' lang='lat' dir='ltr'>facta,</span> <span class='ocrx_word' id='word_1_243' title='bbox 1508 3938 1583 3985; x_wconf 90' lang='lat' dir='ltr'>non</span> <span class='ocrx_word' id='word_1_244' title='bbox 1609 3910 1755 3998; x_wconf 81' lang='lat' dir='ltr'>fuisset,</span> 
     </span>
     <span class='ocr_line' id='line_1_30' title="bbox 148 4029 1812 4136; baseline 0.002 -32"><span class='ocrx_word' id='word_1_245' title='bbox 148 4029 198 4104; x_wconf 87' lang='lat' dir='ltr'>ad</span> <span class='ocrx_word' id='word_1_246' title='bbox 222 4031 453 4131; x_wconf 87' lang='lat' dir='ltr'>supplicium</span> <span class='ocrx_word' id='word_1_247' title='bbox 480 4031 642 4128; x_wconf 81' lang='lat' dir='ltr'>rediret3</span> <span class='ocrx_word' id='word_1_248' title='bbox 675 4034 721 4112; x_wconf 91' lang='lat' dir='ltr'>de</span> <span class='ocrx_word' id='word_1_249' title='bbox 746 4036 907 4136; x_wconf 82' lang='lat' dir='ltr'>captivis</span> <span class='ocrx_word' id='word_1_250' title='bbox 933 4035 1198 4135; x_wconf 88' lang='lat' dir='ltr'>permutandis</span> <span class='ocrx_word' id='word_1_251' title='bbox 1225 4037 1360 4134; x_wconf 89' lang='lat' dir='ltr'>populo</span> <span class='ocrx_word' id='word_1_252' title='bbox 1388 4061 1550 4110; x_wconf 90' lang='lat' dir='ltr'>romano</span> <span class='ocrx_word' id='word_1_253' title='bbox 1576 4035 1656 4134; x_wconf 86' lang='lat' dir='ltr'>ipse</span> <span class='ocrx_word' id='word_1_254' title='bbox 1683 4033 1757 4108; x_wconf 90' lang='lat' dir='ltr'>dis·</span> <span class='ocrx_word' id='word_1_255' title='bbox 1809 4118 1812 4127; x_wconf 22' lang='grc' dir='ltr'>Ι</span> 
     </span>
     <span class='ocr_line' id='line_1_31' title="bbox 147 4155 1057 4257; baseline 0.003 -28"><span class='ocrx_word' id='word_1_256' title='bbox 147 4155 286 4248; x_wconf 80' lang='lat' dir='ltr'>suasit3</span> <span class='ocrx_word' id='word_1_257' title='bbox 313 4171 351 4230; x_wconf 92' lang='lat' dir='ltr'>et</span> <span class='ocrx_word' id='word_1_258' title='bbox 377 4155 424 4231; x_wconf 90' lang='lat' dir='ltr'>ad</span> <span class='ocrx_word' id='word_1_259' title='bbox 448 4159 591 4232; x_wconf 91' lang='lat' dir='ltr'>Poenos</span> <span class='ocrx_word' id='word_1_260' title='bbox 616 4156 754 4250; x_wconf 88' lang='lat' dir='ltr'>rediit,</span> <span class='ocrx_word' id='word_1_261' title='bbox 781 4183 830 4232; x_wconf 91' lang='lat' dir='ltr'>ne</span> <span class='ocrx_word' id='word_1_262' title='bbox 856 4160 1057 4257; x_wconf 85' lang='lat' dir='ltr'>peieraret.</span> 
     </span>
    </p>
   </div>
   <div class='ocr_carea' id='block_1_12' title="bbox 185 4381 941 4460">
    <p class='ocr_par' dir='ltr' id='par_1_13' title="bbox 185 4381 941 4460">
     <span class='ocr_line' id='line_1_32' title="bbox 185 4381 941 4460; baseline 0.009 -14"><span class='ocrx_word' id='word_1_263' title='bbox 185 4383 222 4460; x_wconf 90' lang='lat'>1)</span> <span class='ocrx_word' id='word_1_264' title='bbox 243 4381 416 4444; x_wconf 83' lang='lat' dir='ltr'>Differunt</span> <span class='ocrx_word' id='word_1_265' title='bbox 436 4381 518 4448; x_wconf 85' lang='lat' dir='ltr'>haec</span> <span class='ocrx_word' id='word_1_266' title='bbox 539 4403 559 4448; x_wconf 85' lang='lat' dir='ltr'>a</span> <span class='ocrx_word' id='word_1_267' title='bbox 579 4385 713 4452; x_wconf 82' lang='lat' dir='ltr'>Valerii</span> <span class='ocrx_word' id='word_1_268' title='bbox 735 4389 941 4453; x_wconf 81' lang='lat' dir='ltr'>narratione.</span> 
     </span>
    </p>
   </div>
   <div class='ocr_carea' id='block_1_13' title="bbox 184 4497 1353 4696">
    <p class='ocr_par' dir='ltr' id='par_1_14' title="bbox 184 4497 1353 4696">
     <span class='ocr_line' id='line_1_33' title="bbox 184 4497 1353 4582; baseline 0.002 -20"><span class='ocrx_word' id='word_1_269' title='bbox 184 4500 219 4579; x_wconf 81' lang='lat'>2)</span> <span class='ocrx_word' id='word_1_270' title='bbox 243 4497 409 4562; x_wconf 88' lang='lat' dir='ltr'>Notemns</span> <span class='ocrx_word' id='word_1_271' title='bbox 430 4501 642 4567; x_wconf 86' lang='lat' dir='ltr'>vocabulum.</span> <span class='ocrx_word' id='word_1_272' title='bbox 685 4503 1061 4582; x_wconf 65' lang='lat' dir='ltr'>mussemutinae.</span> <span class='ocrx_word' id='word_1_273' title='bbox 1105 4503 1241 4569; x_wconf 77' lang='lat' dir='ltr'>Confer.</span> <span class='ocrx_word' id='word_1_274' title='bbox 1265 4503 1300 4565; x_wconf 82' lang='lat' dir='ltr'>ff.</span> <span class='ocrx_word' id='word_1_275' title='bbox 1321 4504 1353 4568; x_wconf 82' lang='lat'>2.</span> 
     </span>
     <span class='ocr_line' id='line_1_34' title="bbox 186 4609 988 4696; baseline 0.01 -23"><span class='ocrx_word' id='word_1_276' title='bbox 186 4609 615 4696; x_wconf 85' lang='lat' dir='ltr'>a)Cod.Pumpbilio.</span> <span class='ocrx_word' id='word_1_277' title='bbox 979 4629 988 4636; x_wconf 85' lang='lat'><strong><em>‘</em></strong></span> 
     </span>
    </p>
   </div>
   <div class='ocr_carea' id='block_1_14' title="bbox 0 0 2167 5604">
    <p class='ocr_par' dir='ltr' id='par_1_15' title="bbox 0 0 2167 5604">
     <span class='ocr_line' id='line_1_35' title="bbox 0 0 2167 5604; baseline 0 0"><span class='ocrx_word' id='word_1_278' title='bbox 0 0 2167 5604; x_wconf 95' lang='lat' dir='ltr'> </span> 
     </span>
    </p>
   </div>
  </div>
 </body>
</html>
